5008 6720
639 707 825 856 ⁸190
994 644 1549 837 ''TABULA
1634 655 1870 781 XVIII.

699 899 955 998 mentum
984 865 1172 1021 fuerit,
1210 869 1363 1036 quod
1400 869 1571 1024 juxta
1615 863 1887 988 Mercurii
1922 901 2094 1038 caput
2126 879 2253 993 ex-'

702 1046 980 1208 sculptum
1012 1033 1307 1206 prominet,
1352 1035 1490 1156 nihil
1519 1032 1799 1158 aliudesse
1826 1082 1862 1157 a
1889 1037 2017 1159 viris
2044 1037 2226 1162 doffis

701 1244 956 1382 putatur,
1008 1255 1071 1329 ac
1100 1239 1235 1328 nota
1262 1207 1542 1373 quaedam,
1594 1250 1708 1370 qua
1730 1205 1854 1325 aeris
1876 1207 2121 1374 fignandi
2138 1256 2228 1332 ar·

702 1381 890 1503 tifices'‚
949 1377 1229 1498 officinam
1278 1374 1507 1541 quisque
1550 1374 1725 1525 suam,
1795 1418 1925 1496 nam
1988 1409 2227 1544 quatuor

705 1557 909 1669 Romae
937 1545 1198 1666 institutae
1221 1543 1506 1696 dicuntur,
1550 1588 1654 1712 pro
1673 1543 1900 1668 arbitrio
1926 1547 2227 1716 distmgue-

702 1763 765 1838 re
788 1717 1208 1838 consueverunt.

792 1883 987 2005 Assem
1017 1879 1380 2050 antiquorum
1410 1885 1679 2033 libralem,
1723 1881 1915 2004 uncias
1940 1884 2063 2004 aeris
2089 1879 2230 2006 duoss

709 2055 908 2205 decim,
949 2084 1007 2172 et
1034 2053 1277 2221 pondere
1306 2083 1362 2170 et
1409 2053 1588 2220 pretio
1636 2051 1961 2215 exaequasse,
2026 2055 2230 2178 notisfi·

701 2235 869 2344 'mum
896 2223 1009 2343 est:
1054 2221 1213 2380 cujus
1249 2253 1431 2388 partes
1487 2221 1779 2390 primariae,
1846 2222 1903 2340 in
1943 2226 2233 2346 communi

704 2391 956 2514 maxime
984 2391 1088 2511 usu
1116 2390 1282 2541 tritae,
1325 2389 1626 2558 saepiusque
1663 2389 1867 2511 idcirco
1900 2433 1935 2508 a
1959 2391 2232 2560 scriptori-

708 2565 819 2680 bus
841 2593 1181 2711 memoratae,
1224 2563 1314 2682 hae
1342 2559 1513 2708 sunt3
1560 2558 1817 2710 Semiffm
1861 2558 1971 2679 slve
1998 2603 2126 2724 pars
2154 2563 2233 2682 di-

706 2731 899 2879 midia,
920 2730 1014 2850 sex
1035 2730 1327 2851 unciarum
1348 2777 1367 2878 3
1392 2727 1618 2880 Triens‚
1639 2729 1732 2850 seu
1754 2769 1879 2893 pars
1901 2735 2071 2856 terma,
2095 2773 2233 2894 qua·

707 2933 844 3043 tuor
871 2899 1166 3022 unciarum
1188 2946 1208 3049 3
1257 2898 1576 3068 Qadram,
1621 2898 1713 3017 seu
1746 2941 1871 3062 pars
1898 2930 2112 3064 quarta,
2137 2899 2235 3019 tri·

709 3112 813 3190 um
841 3069 1161 3219 unciarum3
1223 3069 1479 3218 Sextans,
1524 3071 1616 3186 seu
1641 3109 1764 3232 pars
1784 3066 1937 3190 sexta
1998 3068 2234 3196 duarum

714 3235 1039 3389 unciarum,
1073 3235 1254 3355 Uncia
1275 3235 1510 3402 denique
1532 3237 1640 3356 five
1662 3235 1813 3400 Stips
1836 3236 2091 3388 unciam,
2112 3281 2236 3404 pars

714 3403 1065 3524 duodecima.
1155 3413 1422 3572 Quorum
1452 3407 1678 3568 quidem
1715 3450 2082 3528 nummorum
2118 3453 2236 3554 om*

715 3578 896 3723 nium,
938 3574 1189 3696 sextante
1214 3605 1436 3694 tantum
1463 3608 1720 3740 exeepm,
1765 3579 2102 3743 exemplaria
2121 3579 2236 3732 jam

540 3907 544 3914 Ι
708 3745 1050 3908 perpulchra
1071 3745 1331 3907 quaedam
1361 3740 1555 3865 Ie&ori
1576 3747 2008 3912 contemplanda
2026 3747 2235 3874 damus.

1236 4105 1553 4300 SECT
1627 4111 1703 4226 II«

708 4550 718 4570 ι
845 4411 1114 4530 Ecundus
1142 4451 1424 4566 nummum
1469 4411 1684 4534 semiffis
1710 4417 1811 4570 est,
1853 4451 1921 4542 ut
1948 4419 2148 4570 littera,
2181 4425 2240 4573 S,
2307 4443 2310 4454 ’

864 4611 997 4698 nota
1025 4579 1267 4733 ejusdem
1289 4581 1528 4747 propria,
1566 4583 1829 4750 utrinque
1859 4586 2129 4754 insculpta
2159 4591 2241 4712 ini

724 4743 885 4864 dicat
975 4753 1064 4866 Ex
1120 4751 1291 4870 altera
1340 4782 1514 4918 parte,
1559 4753 1738 4917 capite
1766 4755 1927 4884 senili,
1973 4760 2240 4912 lauream,

720 4917 815 5036 vel
838 4914 995 5074 Jovis
1015 4919 1095 5032 Ca
1138 4917 1344 5070 itoliui,
1359 4923 1449 5052 vel
1466 4923 1640 5042 Servii
1662 4921 1878 5058 fortasse
1907 4925 2098 5090 Regis,
2120 4930 2242 5048 aeris

719 5082 972 5270 fignandi
1001 4961 1270 5240 ausoris,
1302 5134 1376 5210 ex
1397 5094 1583 5229 altem,
1603 5091 1758 5214 navis
1782 5093 1964 5262 effigie
1981 5094 2239 5258 signatur.

1948 5267 2241 5398 SECT.
