5042 6724
691 683 773 802 92
1130 639 1189 763 T
1220 645 1281 764 A
1312 644 1359 760 B
1401 641 1458 760 U
1502 643 1640 762 LA
1726 643 1804 762 V.
2389 771 2394 779 ,

688 856 841 976 haud
877 854 1000 974 satis
1041 851 1385 1042 perspicuum
1422 849 1516 968 est.
1640 849 1733 964 Ex
1772 837 1934 1012 gestu
1977 845 2122 1004 sane,
2150 854 2218 974 ti·

688 1025 926 1143 bicinem
953 1067 1087 1142 eum
1115 1051 1301 1186 potius
1329 1013 1435 1134 eise
1463 1015 1826 1170 conjicerem3
1871 1058 2004 1136 nam
2033 1051 2093 1138 et
2148 1022 2217 1142 ti-

688 1193 838 1314 biam
866 1223 923 1312 et
952 1194 1147 1311 tubam
1202 1189 1271 1306 ad
1301 1185 1498 1305 funera
1534 1182 1807 1304 adhibitas
1849 1181 1956 1302 effe
2006 1185 2214 1351 liquet:

689 1359 823 1480 tibia
877 1401 1011 1478 vcro
1057 1397 1378 1522 puerorum,
1469 1353 1606 1472 tuba
1653 1351 1927 1505 majorum
1970 1383 2108 1474 natu
2158 1391 2215 1480 et

688 1525 1026 1647 nobiliorum
1054 1521 1350 1690 praesertim
1387 1519 1633 1690 exequiis
1669 1519 1892 1687 proptia
1930 1519 2088 1646 suiffe
2131 1525 2221 1645 vi}-

688 1697 867 1818 detur.

688 2029 851 2157 Tibtb
877 2039 971 2157 cui
990 2069 1191 2157 teneros
1200 2039 1422 2194 ficetum
1438 2037 1734 2204 producere
1759 2077 1947 2156 manee

686 2209 835 2372 Lege
866 2202 1146 2372 Phrygum
1166 2205 1506 2366 musta¹m'
2069 2205 2074 2216 ’

685 2383 769 2500 N
761 2421 818 2498 ec
837 2417 960 2494 mea
984 2405 1114 2494 tunc
1153 2374 1310 2540 longa
1328 2375 1608 2540 spatietur
1642 2376 1756 2494 ima
1787 2375 1874 2493 ine
1898 2401 2117 2540 pompa,

814 2549 892 2672 N
888 2588 946 2662 cc
970 2537 1128 2663 Tubu
1137 2542 1218 2706 stt
1237 2543 1373 2702 fati
1394 2585 1541 2665 vana
1578 2417 1798 2710 quereb
1833 2547 1983 2662 mei²·.

767 2889 857 3007 At
891 2925 1024 3004 vero
1066 2885 1259 3004 Ollam
1289 2881 1531 3004 nostram
1568 2879 1766 3002 offium
1790 2882 2207 3004 combustorum

684 3053 922 3220 reliquiis
957 3055 1180 3218 plenam
1208 3051 1314 3174 effe
1344 3049 1489 3172 dixi:
1533 3052 1759 3216 quippe,
1804 3094 1944 3218 rogo
1991 3053 2207 3172 extinc-

683 3257 766 3378 to,
812 3222 946 3344 offa
971 3220 1239 3342 mortuia
1294 3251 1471 3342 matre
1520 3219 1817 3384 praesertim
1841 3250 1943 3341 aut
1981 3221 2206 3386 propin-

682 3394 826 3564 quis,
886 3389 1110 3557 lugubri
1146 3387 1296 3510 veste
1340 3385 1567 3540 induti8‚
1618 3387 1727 3557 legi
1763 3418 1929 3554 atque
1976 3391 2033 3509 in
2072 3393 2208 3514 olla

682 3561 847 3686 condi
879 3561 1144 3683 solebant.
1692 3561 1695 3568 ’

747 3933 759 3970 ²
793 3911 886 3989 Stat.
910 3901 1039 3988 Theb.
1059 3903 1099 3986 6.
1130 3927 1228 3986 120.
1256 3901 1298 3984 it.
1325 3901 1400 3986 Ov.
1422 3899 1520 3984 Fast.
1548 3905 1587 3986 ό.
1614 3905 1638 3986 6
1646 3929 1716 4016 57.

744 4057 762 4093 ²
794 4027 962 4136 Propett.
996 4051 1035 4109 2.
1083 4051 1150 4132 13.
1214 4023 1296 4132 Qi
1321 4023 1420 4106 tubis
1460 4024 1605 4108 tibiisve
1637 4025 1683 4104 ad
1706 4021 1840 4108 funera
1872 4025 2069 4125 canebant,
2111 4059 2204 4136 eup-

680 4151 818 4250 βᾶυλαι
847 4175 977 4260 grece,
1014 4145 1171 4226 liticines
1186 4145 1300 4226 iatine
1321 4145 1552 4232 dicebantur.
1617 4149 1770 4256 Qippe
1786 4149 1852 4255 qui
1871 4148 1971 4258 apud
1994 4147 2091 4250 fitos,
2127 4148 2202 4232 hoc

681 4271 747 4373 est,
786 4273 861 4352 vita
882 4271 1030 4352 functos
1065 4269 1269 4350 canebant:
1325 4295 1420 4376 quos
1449 4271 1638 4378 p'rop'riam
1667 4269 1860 4376 quandam
1896 4272 1994 4352 tubae
2026 4269 2202 4380 speciem,

681 4391 810 4474 ceteris
824 4393 1033 4502 longiorem
1067 4391 1308 4472 acutiorem
1342 4387 1521 4490 habuiffe,
1557 4419 1606 4472 ex
1640 4391 1768 4472 Gellio
1799 4393 1987 4476 discimus.
2066 4393 2202 4502 [Noc.

679 4519 761 4596 Att.
779 4515 844 4600 lib.
864 4543 933 4598 20.
952 4541 987 4594 c.
1023 4539 1065 4594 2.
1098 4513 1188 4592 Vid.
1206 4513 1365 4594 Hieron.
1385 4513 1495 4620 Mag.
1519 4511 1681 4596 Miscell.
1712 4511 1738 4596 l.
1784 4543 1818 4596 ι.
1849 4543 1885 4598 1.
1921 4516 1963 4598 it.
1988 4513 2200 4596 Kirchntan

680 4637 727 4716 de
748 4637 924 4717 Funerib.
945 4636 971 4718 1.
991 4662 1030 4719 2.
1056 4631 1116 4744 5.]
1181 4635 1277 4716 Haec
1289 4632 1475 4714 nobilium
1487 4633 1622 4716 funera
1642 4638 1765 4742 quiaa
1783 4637 1955 4717 Praecone
1973 4637 2088 4718 indici
2101 4639 2202 4748 pub·

679 4759 749 4839 lice
769 4759 947 4854 solebant,
986 4757 1160 4838 indictiva
1179 4757 1422 4838 vocabantur.
1490 4757 1600 4866 [Vid.
1618 4758 1701 4841 Cic.
1723 4761 1769 4838 de
1799 4759 1931 4868 Legib.
1957 4787 1995 4841 2.
2017 4759 2108 4868 24.]
2137 4759 2199 4839 in*

515 4957 520 4964 .
678 4879 846 4960 dictionis
862 4897 990 4960 autem
1010 4877 1109 4958 istius
1131 4877 1355 4978 formulam,
1370 4878 1470 4990 apud
1493 4879 1729 4966 Gutherium
1752 4881 1800 4964 de
1822 4883 1915 4990 Jure
1936 4883 2116 4970 Manium
2139 4882 2198 4964 ui-

678 5005 765 5086 dere
792 4999 931 5084 liceti
961 5029 996 5084 1.
1017 5027 1051 5082 c.
1080 5031 1149 5112 ¹9·
1193 5002 1197 5010 ’

2082 5200 2199 5320 Ab.
