5212 6732
705 743 791 859 44
1115 695 1641 824 .'TABULA
1714 699 1821 826 111:

705 897 828 1060 quis
865 925 1032 1020 aetate
1077 891 1392 1064 provectior
1425 893 1609 1062 inepte
1657 891 1870 1060 aliquid
1918 889 2232 1048 fecilseuis

707 1069 862 1186 bulla
890 1066 1088 1233 dignus
1123 1069 1513 1232 appellaretur,
1556 1063 1859 1186 secundum
1889 1061 2035 1186 istud
2056 1067 2230 1226 Juve-

708 1236 867 1388 naliS,
913 1235 969 1356 in
995 1235 1309 1401 Crispinum
1342 1235 1646 1386 illudentis,

920 1563 1019 1587 -···
1059 1495 1181 1614 Dic
1228 1493 1431 1644 Senior,
1489 1488 1658 1613 Bulla
1698 1489 2018 1656 diguifflme¹.

796 1741 1146 1859 Ornamenta
1203 1779 1368 1903 porro
1409 1733 1825 1902 Triumphalia,
1900 1735 2234 1862 Mass'anissae

709 1907 846 2027 olim
874 1905 989 2072 regi
1021 1951 1055 2028 a
1082 1910 1297 2074 populo
1324 1910 1589 2026 Romano
1616 1901 1791 2055 missa,
1837 1951 1872 2026 a
1903 1905 2068 2028 Livio
2094 1904 2234 2072 figit-

711 2075 870 2196 latim
898 2075 1085 2194 omnia
1107 2105 1542 2224 enumerantur,
1561 2115 1732 2194 aurea
1750 2071 2005 2195 videlicet
2025 2119 2234 2234 cornua,

509 2274 515 2284 ⁴
710 2286 886 2362 aurea
903 2273 1124 2410 patera,
1151 2243 1299 2398 sella
1326 2242 1550 2392 curulis,
1597 2245 1769 2411 Scipio
1809 2244 2091 2397 eburneus,
2134 2243 2237 2368 To·

705 2455 786 2580 ga
802 2413 980 2580 pieta,
1024 2443 1075 2532 et
1122 2409 1335 2568 Tunica,
1362 2413 1656 2580 palmata:
1700 2455 1829 2576 quae
1870 2455 2002 2532 cum
2050 2412 2237 2578 Scipio

715 2584 809 2701 ille
840 2577 1162 2732 Africanus,
1204 2581 1398 2748 populi
1436 2578 1608 2735 jussu,
1651 2577 1767 2769 regi
1804 2578 2074 2734 traderet3
2137 2583 2237 2702 ad·

706 2745 870 2878 didit,
915 2748 1098 2916 inquit
1116 2749 1331 2902 Livius,
1362 2747 1542 2870 verbis
1557 2752 1859 2900 honorem3
1905 2791 2072 2916 neque
2085 2793 2236 2918 mug-

715 2919 1015 3074 mficeutius
1032 2924 1327 3086 quidquam
1346 2914 1641 3085 Triumpho
1658 2921 1815 3086 apud
1831 2921 2118 3068 Romanos,
2146 2963 2236 3040 ue·

699 3131 820 3252 ¹que
848 3083 1330 3258 Triumphantibus
1350 3087 1658 3255 ampliorem
1674 3133 1730 3210 co
1757 3116 1955 3207 ornatu
1980 3087 2133 3253 cffe²r
2178 3087 2234 3210 in

718 3298 834 3419 quo
862 3286 1054 3378 tamen
1081 3289 1285 3379 ornatu
1314 3259 1529 3379 bullam
1559 3297 1785 3385 auream
1806 3259 1994 3380 locum
2014 3260 2237 3380 nullum

717 3423 967 3547 habuisse
990 3423 1260 3548 videmus.

809 3596 986 3764 Qrod
1005 3627 1399 3762 argumentum
1426 3639 1560 3719 vero
1590 3595 1840 3716 nostrum
1881 3635 2055 3762 quam
2081 3635 2238 3716 max·

722 3763 832 3886 ime
860 3761 1173 3917 confirmat,
1217 3807 1517 3929 puerorum
1559 3766 1901 3886 bullatorum
1930 3765 2146 3915 statuae,
2173 3794 2239 3882 ut

720 3933 855 4061 dixi,
919 3935 1212 4102 permultae
1261 3935 1446 4054 adhuc
1496 3963 1712 4084 extant,
1751 3966 1811 4055 at
1852 3937 2009 4054 nulla
2052 3967 2238 4054 tamen

722 4102 1149 4290 Triumphantis
1198 4103 1393 4222 bullati
1442 4101 1654 4268 effigies
1706 4105 1920 4268 uspiam
1968 4100 2080 4223 visa
2130 4101 2234 4220 est:
2434 4257 2439 4266 ἱ

722 4305 963 4438 cumque
1005 4313 1062 4389 m
1103 4271 1487 4422 marmoribus,
1523 4274 1760 4392 arcubus
1796 4271 2238 4438 triumphalibus,

722 4441 985 4591 nummu,
1027 4440 1406 4604 columnisque
1433 4437 1694 4604 antiquie,
1738 4439 2239 4608 Triumphantium

723 4608 998 4728 interdum
1040 4608 1236 4774 figurae
1279 4607 1335 4728 in
1387 4605 1502 4770 ipso
1530 4609 1909 4773 triumphandi
1953 4605 2090 4728 auu
2115 4648 2239 4726 cur·

721 4821 899 4943 ruque
925 4778 1222 4943 exsculptae
1251 4775 1616 4944 reperiuntur,
1656 4780 1810 4900 bulla
1832 4808 2020 4902 tamen
2043 4935 2046 4942 ¹
2071 4817 2240 4898 autea

784 5033 907 5112 ¹Sat.
954 5055 1022 5140 13·
1053 5057 1088 5114 v.
1130 5055 1201 5142 33.
1259 5129 1271 5137 ,

592 5193 595 5201 ·
646 5247 653 5258 ,
778 5150 1148 5266 {Liv.1.30.15.

2117 5261 2244 5391 nus·

1942 5479 1987 5606 3.
