5008 6720
543 715 547 724 .
662 611 1186 739 TABULA
1267 611 1510 738 XVIII.
1735 613 1852 772 189

845 1008 1177 1132 SECT.
1266 1012 1318 1130 Ι,

323 1317 650 1439 Rimus
695 1315 793 1436 iste
837 1359 1124 1504 nummum
1166 1358 1430 1482 germana
1459 1314 1605 1438 Affis
1650 1314 1858 1442 libralis

483 1486 671 1674 imago
699 1486 804 1605 est:
850 1485 966 1638 ejus
1015 1487 1235 1651 prorsus
1276 1485 1503 1651 genecio,
1545 1483 1701 1650 quod
1730 1491 1856 1606 Ro-

325 1693 434 1774 mae
456 1655 605 1782 olim,
650 1659 798 1775 vela
826 1657 1047 1805 Numa,
1091 1657 1182 1773 vel
1226 1653 1417 1776 Servio
1444 1658 1626 1818 Rege,
1671 1653 1854 1774 omni-

322 1859 423 1944 um
449 1823 797 1988 primum„
719 1822 995 1944 sionatum
1025 1821 1130 1942 effe
1159 1822 1348 1986 liquet
1439 1826 1530 1940 Ex
1560 1867 1675 1986 quo
1702 1823 1851 1944 idem

321 1985 484 2141 illud,
529 1993 683 2155 quod
723 1995 794 2110 ab
844 1989 963 2110 aliis
992 1989 1172 2109 Italiae
1220 2033 1286 2108 ac
1309 1987 1507 2110 Siciliae
1538 1988 1854 2112 civitatibus

320 2152 538 2281 facium
560 2157 687 2308 effe,
726 2159 890 2325 supra
919 2156 1369 2309 memoravimus,
1413 2162 1602 2346 Reges
1624 2203 1850 2323 quoque

149 2351 157 2358 '
321 2329 614 2448 Romanos
640 2327 835 2478 feciffe‚
877 2317 1115 2493 Janique
1159 2327 1481 2450 memoriam
1510 2371 1568 2446 m
1605 2327 1855 2448 nummis

320 2493 429 2616 suis
457 2493 766 2647 celebraffe,
808 2495 1083 2616 videmus
1171 2495 1349 2650 Cujus
1371 2493 1550 2617 forma
1571 2494 1757 2661 biceps
1774 2541 1849 2616 ex

320 2665 500 2783 altera
519 2662 667 2782 Affis
690 2665 860 2784 nostri
887 2696 1064 2829 parte,
1108 2708 1182 2782 ex
1233 2543 1421 2812 uitem,
1452 2663 1725 2781 Mercurii
1753 2710 1853 2784 ca·

320 2863 428 2996 put
455 2832 731 2998 fignatum
752 2835 856 2954 est:
902 2877 1073 2996 quem
1093 2831 1318 3020 quidem
1337 2837 1548 2980 Deum,
1580 2862 1846 2994 tanquam

319 2999 459 3120 lucri
488 2998 803 3152 auciorem,
847 3045 1273 3189 commercnque
1294 2998 1599 3166 praefidem‚
1644 2997 1851 3164 priscos

317 3165 742 3292 istosinvocaffe
770 3213 1160 3336 cognovimus
1892 3201 1894 3206 ’

319 3415 480 3544 Te
439 3426 738 3588 quicunque
750 3425 891 3582 strar
917 3423 1207 3590 profitetur
1234 3423 1461 3542 uendere
1499 3461 1715 3572 merces,

403 3589 589 3712 Tburc
624 3595 770 3743 datu,
813 3595 1023 3710 tribuas
1050 3621 1121 3710 ut
1145 3591 1261 3752 fibi
1277 3591 1452 3738 lucra,
1495 3604 1705 3756 rogat’.

318 3841 477 3966 Istud
505 3885 762 3994 vero,1
726 3843 834 3962 five
868 3839 1008 3993 falx,
1052 3845 1146 3962 seu
1175 3843 1411 4008 quodvis
1454 3843 1608 3964 aliud
1645 3845 1850 3966 instru-

379 4117 398 4211 ς
427 4099 541 4186 om.
563 4099 663 4184 Far.
687 4125 728 4212 5.
751 4103 860 4215 671.

826 4265 951 4286 --
975 4239 1105 4330 grates
1125 4221 1297 4306 habeo-

435 4343 558 4427 Simul
574 4345 785 4448 Mercurio,
814 4345 879 4455 qui
897 4372 951 4424 me
978 4345 1019 4425 in
1038 4345 1283 4429 mercimoniis

437 4465 576 4580 Juuit,
608 4465 787 4578 lucrisque
804 4465 1109 4576 quadruplicavit
1127 4496 1206 4548 rem
1231 4493 1356 4550 meum.
1477 4466 1578 4553 Plur.
1600 4463 1731 4550 Stich..
1736 4467 1843 4582 μέ

314 4587 511 4701 Inscriptio
528 4590 622 4676 item
636 4592 790 4704 antiqua
804 4609 908 4672 extat
927 4591 1027 4698 apud
1048 4593 1272 4672 Gruterum.
1304 4618 1342 4699 p.
1376 4617 1399 4700 5
1407 4617 1446 4701 ς.
1470 4620 1512 4674 1..
1737 4623 1741 4632 ·

767 4736 1024 4802 Muucvmo.
1058 4735 1406 4796 uaoorra'cokr

982 4859 1179 4918 sacrvm.

851 4981 1064 5041 umis-we
1098 4981 1300 5042 aarum
1397 5010 1400 5025 ·

961 5105 1021 5160 rx
1050 5105 1192 5194 voro,
