5008 6720
712 601 895 726 1266·
1080 585 1597 718 TABULA
1644 587 1858 708 XIV.

617 815 624 828 '
706 807 906 970 Atque
933 801 1064 920 hinc
1100 841 1174 918 ex
1203 791 1486 916 leunculis
1514 789 1672 918 hisce,
1716 789 2007 913 nonnullae
2056 781 2234 934 oculis

708 974 930 1140 penitus
951 1029 958 1052 =
967 966 1259 1090 destitutae,
1304 960 1667 1084 foraminibus
1698 961 1816 1116 jam
1841 960 2031 1082 vacuis
2078 963 2235 1102 relic·

708 1143 795 1292 tie,
836 1137 1215 1305 reperiuntur3
1260 1133 1464 1298 quibus
1491 1128 1641 1260 oculi
1676 1127 1876 1250 scilicet
1901 1133 1994 1248 vel
2032 1136 2107 1250 o'b
2129 1177 2233 1275 ,ve-

628 1365 636 1373 ·
707 1313 970 1430 tustatem
998 1303 1220 1469 delapfi,
1266 1305 1354 1422 vel
1382 1303 1456 1422 ob
1500 1296 1741 1465 pretium
1788 1298 2000 1462 abrepti
2044 1297 2231 1434 essent.

694 1485 796 1600 ‘At
825 1479 880 1598 in
909 1477 1096 1596 nostra
1123 1471 1382 1637 imagine,
1426 1470 1505 1590 nil
1527 1467 1622 1590 nist
1648 1471 1841 1588 album
1864 1466 2016 1588 oculi
2036 1510 2234 1634 argen-

705 1659 861 1769 teum
891 1643 1051 1766 fuiffe
1081 1673 1333 1807 apparet,
1375 1640 1535 1792 cujus
1564 1635 1622 1759 in
1653 1637 1838 1766 medio
1866 1635 2119 1761 foramen
2135 1640 2232 1756 ad-

466 1897 473 1910 ·
707 1817 821 1936 huc
848 1854 1163 1935 concavum
1192 1809 1378 1960 restat,
1423 1809 1479 1927 in
1523 1807 1677 1972 quod
1720 1851 1943 1974 gemma
1969 1807 2102 1928 olim
2133 1807 2233 1926 ali·
2462 1837 2464 1936 j

704 1989 819 2148 qua
846 1981 1076 2148 pupillae
1106 1982 1232 2101 loco
1259 1979 1456 2098 inserta
1483 1974 1676 2100 nisset.
1766 1979 1855 2094 Ex
1884 2017 2001 2141 quo
2028 1975 2231 2095 intelli·
2461 1999 2464 2176 q

704 2191 835 2318 gere
856 2147 1158 2316 polium,
1201 2179 1478 2312 quantum
1499 2145 1732 2266 artifices
1762 2144 1846 2264 isti
1867 2174 2077 2264 veteres
2096 2191 2233 2309 ope·
2463 2189 2464 2250 ³

703 2331 832 2440 ¹rum
861 2321 1087 2439 suorum
1126 2318 1351 2438 laudem
1381 2361 1455 2435 ex
1492 2317 1788 2441 oculorum
1825 2313 1940 2434 acie
1989 2316 2232 2482 pendere
2463 2307 2464 2318 ‘

695 2487 1159 2637 existimaverint,
1204 2517 1584 2650 quantamque
1612 2483 1738 2602 ideo
1767 2482 1825 2604 in
1864 2481 1929 2614 iis
1960 2481 2232 2650 fingendis

673 2677 897 2780 *curam
924 2681 1093 2824 atque
1121 2655 1447 2777 industriam
1479 2650 1778 2822 posuerint
1941 2809 1946 2820 ·

1214 3023 1254 3138 S
1298 3019 1438 3138 EC
1467 3016 1545 3140 T.
1636 3021 1713 3138 11.

707 3329 1004 3600 Flgura
1052 3329 1311 3478 secunda,
1355 3325 1700 3450 Gladiatoris
1745 3283 1986 3492 effigiem
2015 3369 2268 3448 aeneam*

860 3497 1018 3618 nobis
1045 3497 1302 3647 ostendit,
1346 3497 1436 3617 sed
1457 3541 1529 3616 ex
1558 3541 1676 3661 quo
1709 3496 2106 3616 Gladiatorum
2132 3539 2226 3661 ge·

703 3711 834 3812 nere
856 3697 958 3787 aut
979 3661 1244 3816 faetione,
1288 3666 1445 3787 haud
1462 3664 1624 3786 facile
1645 3664 1751 3786 dici
1779 3666 1976 3832 potest.
2065 3667 2226 3784 Nam
2463 3695 2464 3700 ‘

703 3835 912 3956 etiamst
943 3838 1138 3954 multae
1159 3832 1472 3990 hujusmodi
1501 3833 1697 4002 figurae
1726 3835 1782 3954 in
1830 3833 1980 3954 libris
2000 3830 2229 3998 descrip-

701 4039 778 4126 tae
799 4052 864 4127 ac
896 4007 1244 4170 pervulgatae
1266 4001 1389 4156 fint,
1411 4035 1658 4125 attamen
1687 4005 1857 4124 nudae
1877 4006 2227 4170 plerumque,

702 4220 887 4340 neque
922 4171 1086 4292 armis
1116 4171 1268 4324 ullin,
1307 4175 1509 4338 quibus
1538 4169 1811 4294 faetiones
1839 4173 1955 4292 istae
1982 4173 2226 4292 maxime

666 4371 670 4381 '
701 4345 1199 4510 distinguebantur,
1222 4341 1506 4464 instruttae
1524 4378 1810 4508 apparent.
1900 4342 2109 4460 Nudos
2130 4385 2226 4460 eos

702 4513 929 4677 quidem
979 4511 1300 4676 depugnare
1342 4511 1547 4664 solima,
1592 4517 1664 4631 ab
1692 4507 1931 4678 antiquis
1960 4509 2226 4630 traditum
2463 4503 2464 4566 Τ

568 4723 636 4746 ·“···
702 4683 799 4800 est.
861 4685 1057 4806 Homo,
1088 4677 1266 4844 inquit
1289 4685 1518 4830 Seneca,
1545 4681 1852 4837 sacraret,
1880 4682 2010 4836 jam
2018 4711 2124 4846 prr
2144 4677 2225 4796 lu·

701 4854 830 4968 dum
841 4849 1126 5012 sicamque
1153 4852 1411 4970 accinitur
1426 4901 1445 4965 .·
1490 4882 1542 4969 et
1585 4895 1740 5014 quem
1788 4853 2002 4970 erudiri
2021 4851 2125 4988 gad
2142 4852 2227 4998 in·
2386 4849 2392 4866 ’

664 5018 668 5028 ’
684 5021 932 5174 ferenda
960 5019 1368 5184 accipiendaque
1395 5017 1626 5138 vulnera
1653 5021 1811 5180 nefas
1839 5051 1980 5170 erat,
2008 5023 2070 5160 ,ir
2097 5016 2226 5170 jam

2053 5187 2227 5306 nudus
