5008 6706
538 739 544 752 ,
699 639 821 756 232
1063 595 1580 731 TABULA
1663 599 1842 751 XXI.

695 801 936 955 inaures,
981 807 1201 928 monilia
1244 835 1298 928 et
1332 802 1583 926 armillas
1608 803 1820 972 gestare
1860 797 2048 928 solitos
2084 803 2217 974 legi-

695 1019 856 1096 mus:
903 973 982 1096 ita
1003 973 1155 1100 enim
1183 973 1815 1142 Xenophon,Astyugem
1841 977 2101 1126 Medum,
2129 1006 2215 1096 ut·

694 1189 797 1312 que
841 1147 924 1264 itu
956 1145 1096 1304 fere
1151 1143 1486 1266 Plutarchus
1529 1147 1814 1292 Surenam,
1879 1139 2214 1266 Parthorum

694 1315 901 1434 currem
921 1309 1206 1462 describit,
1254 1356 1496 1478 eumque
1542 1310 1810 1430 ornandi
1802 1351 2066 1456 morem¹
2088 1315 2214 1432 Par·

695 1485 825 1602 thos
847 1525 881 1598 a
918 1482 1107 1602 Medis
1134 1480 1396 1648 accepisse
1425 1479 1603 1600 dicit¹.

779 1649 957 1818 Qod
986 1652 1320 1772 Parthorum
1348 1683 1539 1772 autem
1574 1649 1859 1816 Regum
1845 1648 2110 1815 rmagine's
2153 1650 2210 1772 in

693 1821 925 1984 gemmis
954 1821 1096 1984 saepe
1124 1818 1409 1986 insculptae
1437 1817 1624 1968 essent,
1667 1849 1837 1984 atque
1885 1859 1957 1938 eo
1999 1817 2212 2008 prorsus

692 1987 911 2140 habitu,
954 2033 1070 2153 quo
1102 1985 1196 2154 ipsi
1231 2031 1420 2108 revera
1441 2030 1624 2108 ornarr
1611 1983 1899 2137 solerent,
1940 2029 2015 2106 ex
2035 1985 2211 2131 Plinio

692 2154 980 2276 discimus,
1025 2202 1121 2322 qur
1108 2157 1221 2275 ad
1253 2157 1392 2310 Traj
1396 2201 1569 2277 anum
1597 2198 1630 2275 e
1659 2154 1920 2318 Bithynia
1957 2155 2211 2306 scribens,

694 2335 732 2394 “
776 2326 829 2444 se
857 2325 1137 2445 servulum
1167 2327 1446 2489 quendam
1471 2325 1619 2491 apud
1652 2323 1704 2442 se
1719 2355 1902 2444 tenere
1921 2320 2098 2472 dicit,
2113 2323 2212 2490 qui

693 2503 731 2562 “
777 2497 1070 2644 aPacor0,
1116 2495 1352 2614 Parthiae
1396 2537 1525 2659 rege
1559 2491 1875 2682 aufugisset,
1919 2418 2213 2682 secumque

692 2673 731 2734 “
774 2707 1054 2852 gemmam
1081 2662 1363 2811 attulisset,
1408 2705 1535 2826 quae
1572 2659 1814 2781 Pacori
1799 2655 2115 2825 maginem,
2158 2692 2213 2782 et

690 2841 730 2902 “
776 2831 979 2996 quibus
1024 2829 1323 2998 infignibus
1364 2861 1595 2950 ornatus
1645 2827 1845 2978 fuisset,
1876 2827 2210 3018 insculptam

690 3011 731 3068 “
777 3002 1042 3122 habebat:
1090 3043 1368 3164 gemmam
1413 3031 1603 3120 autem
1645 2996 1834 3160 ipsam,
1878 3028 1978 3119 aut
2008 3043 2076 3126 vr
2118 3033 2213 3120 aut

691 3179 731 3237 “
776 3169 990 3288 surtoa
1030 3170 1269 3288 Servulo
1310 3169 1571 3317 ablatam,
1616 3165 1823 3288 Plinius
1856 3166 1909 3288 se
1940 3166 2211 3334 requirere

692 3347 732 3406 “
775 3337 871 3487 ait,
915 3371 983 3456 ut
1009 3380 1135 3455 eam
1164 3336 1236 3453 ad
1256 3337 1568 3490 Trajanum
1595 3335 1888 3458 mitteret&
1852 3336 1930 3399 ²’'
2016 3343 2210 3502 ltaque

567 3582 575 3597 ·
691 3547 972 3696 gemmam
1005 3505 1266 3655 nostram,
1310 3549 1425 3624 non
1475 3538 1589 3626 tam
1631 3511 1706 3624 ob
1762 3505 2061 3669 sculpturae
2089 3508 2211 3672 pul-

613 3729 617 3736 ·
689 3673 1078 3800 chritudinem
1122 3716 1233 3837 qua
1275 3673 1381 3794 sese
1408 3706 1595 3793 tamen
1624 3671 1788 3793 facile
1828 3678 2211 3798 commendare

691 3843 885 4008 posset,
914 3887 1082 4007 quam
1110 3847 1184 3962 ob
1214 3885 1291 3960 rer
1277 3839 1485 4008 ipsius
1513 3841 1812 3992 raritatem,
1839 3844 2211 3980 aestimabilem

692 4007 814 4138 effe,
858 4012 1106 4138 constat:
1152 4011 1358 4176 quippe
1387 4055 1559 4178 quam
1581 4014 1786 4134 Romae
1808 4013 1943 4148 olim
1958 4045 2043 4146 utr
2029 4014 2213 4134 vide-

691 4224 835 4331 mue,
882 4178 1237 4300 Proconsules
1286 4178 1379 4368 ipsi
1427 4177 1690 4344 posstdere
1738 4179 2045 4372 cupiissent,
2097 4184 2211 4350 dig·

692 4391 952 4516 namque,
1010 4391 1139 4514 quae
1188 4347 1324 4467 ad
1310 4381 1696 4514 imperatorem
1731 4350 1946 4475 muneri
1966 4349 2212 4481 mittere-

694 4547 809 4684 tur,
852 4515 1255 4640 existimassent
2014 4567 2021 4574 ·

758 4733 890 4817 ².Vid
914 4736 1092 4848 Xenoph
1123 4735 1170 4818 de
1186 4736 1279 4845 Cyri
1294 4737 1455 4824 lnstttut.
1471 4765 1509 4850 p.
1546 4769 1611 4851 ¹9·
1635 4739 1738 4826 Edit.
1761 4743 1890 4848 Oxou.
1912 4762 1950 4828 et
1966 4740 2211 4830 Plutarchi·

692 4859 780 4942 Vita
799 4859 930 4946 Craffi.
947 4887 985 4968 p.
1010 4889 1033 4973 ς
1041 4891 1110 4976 37.
1132 4863 1178 4944 F.

1139 4987 1157 5081 ἶ
1188 4981 1308 5093 Epist.
1328 4982 1356 5070 l.
1380 5012 1420 5071 x.
1445 5011 1505 5097 ep.
1530 4989 1596 5074 16.
1610 4985 1713 5074 Edit.
1736 4985 1860 5074 Elsev.
1937 5027 1939 5030 ·

1865 5179 2215 5374 saer.
