5008 6720
690 604 1468 780 ranunnxrv
1719 632 1833 824 663

312 811 520 1024 quippe
559 866 599 928 “
643 857 923 1009 mulieres,
988 857 1188 1022 inquit,
1236 857 1517 981 Bacchicis
1552 861 1837 986 furoribus

312 1040 352 1096 ‘⁶
328 1059 685 1215 correptae,
728 1029 798 1147 ad
845 1026 1132 1148 hederam
1145 1015 1299 1148 66616
1343 1031 1621 1183 feruntur,
1666 1073 1836 1198 quarn

313 1207 354 1267 “
398 1196 653 1332 manibus
682 1196 865 1317 statim
893 1196 1214 1364 arripientes
1246 1242 1311 1316 66
1339 1200 1608 1321 devorant
1586 1232 1688 1351 tes,
1732 1202 1836 1323 dis-

312 1375 352 1436 “
393 1373 673 1530 cerpunt3
720 1361 799 1484 ita
827 1397 1037 1485 utnon
1087 1365 1197 1484 fide
1233 1367 1464 1487 omnino
1492 1369 1704 1536 indigni
1731 1371 1836 1491 else

313 1543 352 1602 “
391 1533 709 1686 videantur,
752 1577 847 1698 qur
834 1534 1096 1654 hederae
1124 1533 1372 1702 spiritum
1392 1540 1673 1701 quendam
1701 1537 1838 1657 ines

314 1713 354 1773 “
399 1702 698 1854 sedicunt,
760 1703 857 1867 qui
904 1703 1167 1826 insaniam
1188 1703 1573 1870 ¹furoremque
1607 1707 1837 1856 excitat,

314 1883 354 1940 “
398 1796 719 2045 mentesque
762 1873 1059 1993 hominurn
1085 1871 1354 2000 labefacit,
1399 1907 1456 1994 66
1498 1876 1775 2040 absque
1723 1878 1837 1996 vini

314 2050 354 2107 ‘⁶
396 2083 524 2205 ope,
569 2041 832 2159 ebrietate
860 2083 924 2159 ac
953 2037 1324 2174 deleslatione
1346 2043 1592 2231 quadam
1622 2089 1717 2164 eos
1737 2089 1839 2210 po-

315 2218 355 2279 “
397 2207 661 2327 tissimum
684 2207 869 2336 afficit,
914 2253 1011 2373 qur
995 2209 1162 2329 661
1143 2210 1537 2331 concitationes
1539 2211 1838 2366 ejusmodi

315 2375 665 2497 “fanaticas
723 2408 927 2498 natura
982 2377 1336 2544 procliviores
1385 2379 1554 2502 srnt¹.
1545 2259 1620 2432 ”J
1694 2387 1840 2501 Haec

312 2545 596 2666 Plutarchi
645 2545 925 2675 sententia,
959 2591 1005 2666 6
1054 2545 1293 2667 Plinio
1279 2580 1412 2670 1tem
1458 2549 1850 2701 confirmatur,

313 2757 411 2880 qur
397 2709 646 2834 'hederae
663 2717 908 2870 succum,
953 2717 1158 2884 largius
1190 2747 1398 2884 potum,
1463 2751 1691 2840 mentem
1721 2749 1841 2838 tur·

313 2889 490 3034 bare,
509 2904 565 3006 et
609 2916 772 3053 caput
809 2916 1085 3074 purgare,
1144 2889 1421 3050 nervisque
1467 2933 1669 3039 nocere,
1699 2887 1841 3007 scri·

155 3053 159 3064 ’
315 3052 445 3189 bit2.
534 3059 732 3218 Atque
759 3058 834 3175 ob
862 3056 1007 3174 hanc
1051 3052 1274 3174 sortasse
1317 3056 1539 3177 causam
1565 3055 1840 3222 hederam,

312 3223 457 3344 inter
483 3225 826 3391 dodiarump
824 3227 1016 3344 remia
1035 3224 1320 3383 frontium
1346 3225 1707 3379 recensitam,
1734 3211 1841 3344 Ρ6-

314 3393 522 3558 et'isque
550 3394 844 3560 praesertim
895 3437 997 3558 pro
1044 3437 1254 3514 corona
1310 3393 1500 3517 datam
1548 3396 1839 3556 legimus³t

315 3571 541 3729 propter
598 3562 902 3683 inebriandi
956 3561 1173 3716 scilicet,
1233 3562 1353 3746 'five
1408 3564 1839 3686 enthusiasmum

379 3909 392 3944 ¹
427 3901 623 3988 Plutarch.
652 3905 796 4017 Qaest.
819 3905 1102 3991 Rom.adFin.
1171 3905 1175 3912 ’
1248 3905 1251 3916 ’

281 4069 282 4074 ¹
344 4021 516 4109 ἰ1616.
542 4055 610 4130 24·
635 4054 730 4109 ex.

380 4165 395 4218 ³
429 4154 527 4234 Hor.
551 4149 628 4232 0d.
660 4151 686 4232 1.
727 4178 828 4234 1.1.
890 4149 1031 4252 Ooelius
1066 4150 1161 4231 item
1181 4150 1413 4250 Valerianus,
1446 4150 1624 4232 Medicus
1645 4151 1838 4260 antiquus,

317 4273 403 4356 artis
424 4275 497 4356 sua
517 4273 758 4383 experientia,
791 4289 837 4354 ut
867 4274 1018 4354 credere
1040 4273 1143 4372 licet,
1174 4274 1341 4372 edoctus,
1372 4272 1645 4356 hanceandem
1660 4272 1739 4354 vim
1756 4277 1841 4356 He-

232 4479 235 4490 ,
289 4403 292 4410 ’
315 4395 621 4492 ,deraeattribuit3
654 4422 797 4504 eamque
815 4413 896 4476 c'urn
916 4391 1074 4494 bibitur,
1093 4395 1234 4476 ‘mentis
1253 4424 1411 4478 errorem
1449 4394 1634 4494 inducere,
1666 4395 1839 4478 declarat.

345 4585 351 4600 .
380 4519 436 4601 N.
449 4521 492 4600 B.
527 4520 767 4602 Hocautem
786 4545 915 4617 omne,
961 4517 1064 4626 quod
1097 4517 1143 4597 de
1179 4517 1325 4598 hederae
1354 4520 1393 4600 vi
1419 4519 1624 4598 inebriante
1651 4515 1727 4598 hoc
1757 4517 1841 4600 loco

318 4641 463 4723 diuum
479 4641 548 4737 est,
570 4639 779 4722 afamiliari
796 4667 883 4720 meo
899 4641 1041 4742 multis,
1059 4639 1160 4735 ,mihi
1180 4642 1395 4722 nominibus
1411 4639 1608 4742 carissimo,
1639 4639 1838 4722 Gulielmo

289 4757 292 4764 ¹
317 4765 525 4850 Heberdeu
548 4763 611 4846 M.
635 4765 688 4847 D.
721 4762 881 4873 Collegii
905 4764 996 4846 Div.
1020 4763 1158 4871 Johan.
1176 4765 1274 4872 apud
1292 4763 1610 4870 Cantabrigienses
1628 4763 1742 4865 socio,
1775 4789 1841 4844 ac·

318 4887 413 4996 cepi.
479 4886 561 4993 Qui
575 4887 623 4966 ad
639 4885 739 4968 Artis
762 4886 924 4967 Medica
945 4887 1152 4983 scientiam,
1172 4914 1247 4992 qua
1264 4885 1419 4993 quidem
1436 4885 1582 4994 egregie
1604 4885 1758 4993 praestat,
1777 4885 1841 4966 lit-

318 5027 411 5090 teras
427 5036 485 5088 eas
503 5035 635 5088 ornnes
652 5009 926 5110 reconditiores,
957 5029 1069 5115 atque
1091 5037 1134 5089 ea
1156 5008 1399 5089 humanitatis
1415 5009 1533 5104 studia
1549 5009 1731 5114 adjunxit,
1759 5037 1842 5116 quae

318 5129 548 5277 hominem
537 5155 747 5241 ingenuum
762 5158 907 5235 ornare,
939 5131 1085 5239 suisque
1103 5131 1319 5273 1666661666
1339 5129 1489 5212 reddere
1509 5124 1660 5238 queant.

978 5255 1042 5370 X
1093 5293 1122 5368 a
1564 5249 1845 5412 quendam
