5212 6732
662 729 739 816 to
1120 683 1714 810 TABULAI.

656 901 798 1023 turis
818 899 1151 1056 hujusmodi,
1183 895 1579 1066 sculpturisque
1599 895 2052 1063 sepulchralibus,
2079 907 2125 1022 F
2129 918 2195 1026 e·-

657 1075 772 1196 stos
804 1071 1062 1190 Deorum
1095 1071 1230 1220 dieo,
1277 1067 1678 1188 Baoehantium
1709 1065 1868 1219 ritus,
1918 1069 2189 1240 ludosque

657 1285 757 1362 eos
773 1238 996 1358 describi
1017 1237 1220 1388 solitos,
1252 1237 1455 1406 quibus
1470 1231 1746 1387 defunffl,
1768 1279 1899 1358 cum
1917 1237 2188 1394 viverent,

657 1405 925 1529 delcetati
946 1405 1281 1572 potissimum
1309 1403 1550 1526 fuiffent.

748 1584 893 1696 Haec
909 1606 1100 1696 autem
1122 1575 1199 1694 rei
1221 1575 1568 1764 explicandae
1589 1571 1751 1723 ratio,
1792 1575 1922 1740 quia
1942 1581 2188 1700 nonnul·

661 1747 726 1868 lis
754 1742 977 1865 fortaffe
998 1744 1182 1864 minus
1203 1741 1548 1866 latofablura
1571 1743 1656 1892 fit,
1703 1741 1869 1864 aliam
1889 1747 2187 1912 quoqueei

659 1917 963 2078 adjungere
992 1910 1173 2062 libuit,
1215 1941 1283 2032 ut
1303 1903 1499 2033 leetori
1526 1913 1754 2030 demum
1782 1911 2072 2080 optionem
2091 1917 2187 2037 ali-

659 2127 832 2250 quam
851 2079 1237 2245 judiciumque
1258 2079 1585 2244 relinquam.

749 2261 950 2402 Quum
973 2246 1222 2414 pibluras
1238 2247 1406 2418 igitur
1428 2249 1589 2369 hasce
1615 2243 2000 2414 sepulchrales,
2043 2295 2185 2418 prae·

661 2453 748 2542 ter
785 2453 1113 2583 argumenta
1146 2418 1248 2540 ista
1276 2417 1447 2541 modo
1473 2449 1799 2566 memorata,
1961 2421 2185 2540 ulchro-

584 2692 587 2702 ,
661 2635 790 2710 rum
810 2587 979 2708 etiam
1001 2589 1158 2738 rituS,
1202 2609 1666 2750 mortuorumque
1688 2584 1915 2752 apudin
1939 2589 2185 2708 erossta-
2323 2695 2329 2702 .

662 2791 807 2907 tum,
848 2801 913 2876 ac
935 2757 1063 2875 vitae
1085 2756 1354 2922 degendae
1380 2755 1756 2875 conditionem
1781 2754 2058 2924 saepilstme
2084 2799 2185 2876 ex-

662 2927 848 3046 hibere
880 2923 1145 3076 vidillem,
1188 2923 1351 3044 subiit
1401 2923 1582 3043 statim
1630 2923 1930 3078 dubitatio,
1990 2967 2184 3046 annon

660 3092 881 3261 piblura
931 3095 1117 3214 nostra
1171 3089 1571 3212 defunblorum
1615 3091 1800 3258 potius
1847 3095 1905 3213 in
1955 3093 2184 3259 Campis

662 3261 860 3424 Elysiis
880 3261 1051 3380 vitam
1095 3263 1313 3379 beatam
1353 3291 1521 3426 atque
1542 3260 1791 3412 hilarem,
1835 3263 1941 3382 hac
1977 3261 2180 3428 figura·

660 3475 791 3552 rum
823 3428 1200 3594 descriptione,
1264 3429 1598 3550 adumbrare
1647 3429 1833 3596 pollet.
1920 3433 2082 3552 Nam
2123 3431 2181 3550 in

659 3605 957 3722 beatorum
1006 3599 1234 3720 istorum
1273 3597 1499 3748 deliciis,
1551 3629 1949 3723 enumerantur
1991 3599 2183 3766 praeci·

665 3812 776 3934 pue
806 3793 853 3886 a·
868 3768 1183 3912 Veteribus,
1217 3769 1407 3926 fontes
1424 3772 1581 3934 aquis
1609 3769 1843 3936 limpidis
1870 3769 2178 3925 sinentem

654 3934 2177 4107 fmmffifflwnwmmlffffffmmstmffl

665 4115 960 4236 Poetarum
978 4105 1129 4223 chori
1134 4151 1152 4254 3
1186 4103 1522 4264 Maficomm
1541 4133 1756 4254 cantum
1788 4111 2182 4274 compotatibnes

664 4277 909 4438 denique,
928 4277 1188 4442 dapesque
1200 4273 1319 4432 sese
1353 4271 1496 4392 ultro
1523 4271 1840 4435 fflrenter.
1927 4276 2182 4394 Musaeus

664 4475 873 4590 autem,
917 4486 984 4562 ae
1012 4441 1048 4560 fi
1072 4441 1390 4562 ebrietatem
1421 4441 1694 4608 optimum
1723 4440 1939 4564 virtutis
1964 4442 2181 4611 praemi-

666 4655 765 4728 um
810 4606 1170 4738 existimallet,
1230 4613 1403 4730 beatos
1433 4611 1546 4730 illos
1588 4615 1674 4728 ad
1696 4615 1930 4772 mensam
1970 4657 2180 4732 accum-

669 4779 2181 4940 immemmmmnmmwwfflmmfffflffi

668 4993 770 5128 quc
797 4952 1253 5116 compotationibus
1261 4946 1381 5104 sese
1422 4947 1728 5068 oblatrantes
1772 4947 1952 5074 facere
1992 4949 2182 5073 solitus

665 5237 672 5246 .
982 5181 993 5218 ¹
1038 5121 1503 5264 Vid.PlatoiinAxioch.
1541 5167 1866 5286 Vol.3.p·371.
2048 5291 2101 5412 d
2139 5286 2151 5309 ·

1798 5339 1805 5352 ·
2087 5333 2188 5416 tm
