5008 6720
695 583 813 738 136
1093 569 1614 738 Tarona
1698 575 1810 696 xr.

692 785 768 910 lio
795 783 1057 922 nimirum
1093 779 1273 934 talari,
1316 813 1376 901 at
1396 778 1451 899 in
1475 777 1622 900 finus
1642 778 1718 898 ita
1740 775 2004 935 collecto,
2047 813 2217 952 atque

693 957 752 1080 in
782 957 1083 1115 humerum
1113 954 1323 1071 laevum
1352 945 1577 1106 injecto,
1597 1017 1602 1027 ·
1619 979 1686 1068 ut
1717 946 1937 1114 pe&us;
2002 955 2219 1076 brachi-
2321 1017 2324 1022 ¹

693 1117 904 1291 umque
943 1122 1075 1242 item
1103 1121 1366 1286 dextrum
1404 1118 1622 1238 nudum
1651 1151 1930 1284 appareat.
2018 1133 2218 1288 Atque

695 1297 848 1418 hunc
875 1279 1145 1411 amictum
1169 1288 1274 1408 viri
1301 1284 1455 1408 dotti
1473 1287 1712 1406 eundem
1741 1283 1847 1406 esse
1867 1290 2120 1441 credunt,
2148 1335 2217 1412 ac
2325 1403 2328 1408 ,

694 1505 862 1632 quem
906 1463 1095 1578 Poetae
1129 1489 1340 1576 veteres
1370 1460 1646 1604 Fannium
1680 1459 1993 1624 appellant,
2026 1459 2216 1580 'modi-

680 1631 877 1797 cisque
915 1626 1065 1792 quasr
1098 1624 1386 1794 proprium
1406 1624 1738 1746 attribuunt.
1856 1619 1859 1634 ’

1166 1955 1267 1982 ---
1436 1951 1537 1978 ---
1664 1875 1768 1999 Ille
1800 1909 2007 2002 retorto·

698 2055 971 2174 Paeonium
990 2053 1049 2169 in
1076 2093 1271 2170 morem
1282 2047 1470 2206 senior
1479 2049 1790 2203 succinctus
1811 2051 2033 2199 omitia,

700 2220 901 2344 Multa
928 2260 1092 2336 manu
1118 2221 1337 2366 menica,
1372 2213 1660 2382 Phobique
1676 2219 1977 2384 potentibus
1995 2216 2177 2338 herbis

700 2396 784 2516 N
775 2391 1087 2556 equiequam
1113 2389 1499 2572 trepidat¹.-·
1782 2381 1789 2414 ¹
1927 2399 1930 2406 ’

1039 2627 1141 2654 --
1215 2625 1224 2638 ·
1277 2621 1379 2658 -··
1483 2555 1622 2674 -ritu
1630 2555 1699 2712 se
1729 2557 1896 2722 cingit
1914 2582 2137 2718 uterque

533 2761 536 2772 ⁴
701 2727 1035 2848 Paeonia-..-

639 3097 643 3104 .
785 2978 1089 3124 Brachium
1108 3008 1299 3099 autem
1321 2977 1432 3098 Dei
1460 2975 1765 3144 potiusque
1786 2977 2024 3130 nudum,
2054 2975 2219 3120 fidem

700 3197 827 3272 eam
868 3181 1039 3312 atque
1084 3134 1475 3314 integritatem,
1528 3147 1894 3314 dextramque
1936 3147 2009 3264 ad
2049 3189 2218 3308 opem

641 3403 654 3440 ,«
701 3321 875 3483 usque
898 3313 1184 3436 ferendam
1210 3349 1458 3478 paratam
1486 3317 1776 3470 denotant,
1819 3313 2024 3481 quibus
2048 3313 2218 3435 medi-

632 3641 638 3649 ·
702 3529 897 3608 corum
928 3482 1171 3604 maxime
1201 3483 1325 3656 laos
1345 3483 1674 3605 continetur.

702 3743 980 3858 -..Hunc
1006 3739 1236 3862 mentius
1277 3738 1504 3859 multum
1547 3737 1685 3860 celer
1701 3766 1864 3908 atque
1878 3737 2065 3896 fidelis

702 3909 977 4032 Excitat³.
1148 3979 1251 4008 ·--
1375 3977 1477 4010 ·-·-
1607 3975 1712 4010 -ι

740 4215 744 4226 ’
767 4201 782 4239 ¹
812 4181 918 4290 Virg.
940 4179 1031 4264 AEn.
1062 4207 1128 4264 ra.
1151 4207 1255 4286 400.

764 4319 782 4356 ²
812 4301 1019 4410 Statsylv.
1050 4331 1084 4386 1.
1109 4329 1151 4408 4.
1179 4330 1277 4414 107.

826 4525 829 4532 Ι
890 4427 1050 4504 Intortos
1064 4421 1108 4504 de
1121 4450 1217 4504 more
1236 4421 1423 4504 accimus
1441 4425 1606 4507 umidus.
1942 4421 2006 4506 Sil.
2028 4421 2112 4505 Ital.
2127 4421 2153 4505 l.
2177 4451 2218 4534 5,

768 4553 784 4612 ⁸
816 4547 917 4628 Hor.
939 4547 1014 4629 Sat.
1035 4543 1062 4628 l.
1083 4572 1122 4627 2.
1142 4576 1180 4656 3.
1210 4575 1309 4658 147.

822 4665 991 4773 Corporis
1010 4665 1189 4748 auxilium
1204 4667 1338 4750 medico
1358 4667 1506 4748 comitte
1519 4665 1643 4776 findi.
1725 4667 1763 4748 in
1779 4667 1874 4750 Dist.
1897 4669 2033 4750 Caton.
2048 4653 2217 4773 adscript.

684 4789 839 4870 „Cicero
853 4789 946 4870 item
964 4788 1011 4890 de
1031 4789 1238 4898 Asclapone
1258 4789 1421 4892 medico,
1454 4791 1551 4871 mihi
1571 4789 1708 4900 inquit,
1741 4809 1826 4872 tum
1837 4791 1918 4901 ipsa
1940 4775 2101 4887 scientia,
2135 4807 2220 4868 tum

702 4909 1185 4996 fidelitate-satisfecit.
1202 4915 1275 5024 Ep.
1301 4913 1412 4996 Fam.
1432 4941 1499 5024 13.
1524 4941 1596 5000 20.
1975 4987 1981 5004 .

2038 5123 2224 5285 Qun-
