5008 6720
708 707 1244 861 TABULA
1303 735 1454 858 XV.
1717 773 1838 922 173

311 949 479 1098 licet3
522 989 650 1112 quae
675 911 933 1066 Deorum
948 911 1063 1064 sere
1084 909 1332 1095 fabellae,
1357 909 1792 1130 imaginesque
1745 991 1838 1071 eas

314 1115 603 1267 exhibent,
647 1113 850 1279 quibus
878 1108 1097 1234 vascula
1129 1111 1468 1278 potissimum
1493 1114 1666 1235 sacra
1673 1163 1840 1239 orna·-

314 1283 564 1406 nsolita
612 1280 941 1450 accepimus.
1029 1281 1299 1448 “Apud
1350 1281 1610 1436 Siculos,
1661 1285 1849 1454 inquit

316 1466 356 1526 “
402 1453 619 1604 Cicero,
663 1482 792 1572 ante
819 1455 1058 1570 Verrem
1103 1453 1425 1640 Praetorem,
1474 1453 1674 1574 domus
1719 1489 1850 1580 erat·

111 1627 119 1634 ’
312 1625 558 1741 “nulla
605 1623 812 1782 paullo
854 1619 1204 1786 locupletior,
1246 1635 1363 1784 qua
1411 1619 1466 1740 in
1516 1623 1687 1744 domo
1715 1631 1847 1749 hacc

313 1801 357 1862 “
398 1835 515 1910 non
544 1789 733 1939 essent,
776 1787 980 1910 etiamst
1010 1817 1273 1953 praeterea
1304 1789 1439 1910 nihil
1484 1789 1615 1910 eslet
1643 1839 1851 1962 argem·

317 1971 357 2031 “
399 1961 476 2080 ti·
521 1961 725 2122 patella
770 1957 995 2124 grandis
1027 2001 1157 2076 cum
1179 1957 1363 2120 sigillis
1392 2002 1459 2078 ac
1503 1957 1848 2088 simulachris

318 2140 357 2199 “
404 2131 686 2272 Deorum3
727 2159 935 2291 patera,
976 2141 1088 2290 qua
1115 2127 1373 2245 mulieres
1400 2127 1471 2245 ad
1509 2170 1594 2246 res
1625 2131 1848 2258 divinas
2034 2148 2040 2160 ’

317 2307 357 2368 “
400 2325 733 2444 uterentur,
778 2293 1203 2413 Thuribulum:
1264 2295 1386 2414 haec
1416 2327 1605 2414 autem
1652 2303 1852 2427 omnia

312 2477 358 2537 ⁴‘
399 2462 633 2628 antiquo
647 2505 814 2628 opere
841 2495 899 2582 et
918 2462 1132 2582 summo
1151 2461 1383 2582 artificio
1406 2463 1649 2587 sabia¹.’'
1706 2476 1847 2630 Jam.

316 2677 391 2753 ex
428 2635 536 2754 hoc
565 2634 710 2781 locu,
755 2637 977 2752 Paterae
1016 2633 1144 2782 istae,
1207 2634 1402 2797 quibus
1447 2636 1698 2757 mulceres
1722 2674 1850 2762 ute·-

312 2831 528 2950 rentur,
572 2845 607 2919 a
635 2799 858 2965 requurs
873 2799 1154 2951 omnibuS,
1196 2803 1271 2920 ad
1300 2845 1655 2923 communem
1675 2809 1854 2969 usum

315 2967 591 3117 adhibitis,
636 2967 901 3159 distingui
925 2970 1226 3089 videnturr.
1263 3013 1446 3134 neque
1474 2971 1720 3096 alienum
1756 2977 1841 3100 sa·

317 3184 389 3260 ne
416 3135 714 3258 existimari
746 3138 951 3302 potest,
995 3181 1174 3327 genus
1211 3137 1534 3302 quoddam
1524 3172 1849 3305 paterarum·
1889 3211 1911 3230 ··

230 3387 237 3406 ·
313 3307 581 3454 ornatiuS,
624 3306 912 3471 leviusque
951 3306 1247 3428 mulierum
1275 3308 1553 3474 praecipue
1589 3311 1710 3432 usui
1754 3313 1851 3436 di·-

316 3484 506 3597 catum
553 3475 748 3625 fuisse,
794 3473 1168 3639 equibus
1115 3519 1228 3595 vmr
1215 3475 1420 3595 modo
1460 3479 1850 3642 pauxillulum*

316 3645 571 3792 fundere,
614 3646 688 3765 ad
728 3564 1026 3764 libationes
1070 3640 1173 3763 rite
1209 3643 1489 3766 faciendas
1530 3647 1850 3775 sufficeret·

317 3845 376 3934 et
403 3814 441 3933 st
473 3811 616 3932 talis
641 3845 956 3978 paterarum
987 3811 1298 3964 distindiio,
1340 3816 1641 3971 anemine,
1637 3825 1850 4014 quod

314 3981 499 4134 sciam,
542 4012 871 4171 memorata,
890 4025 1078 4100 revera
1102 4011 1290 4102 tamen
1312 3973 1640 4104 extitisse
1566 3991 1849 4112 invenire-

316 4184 430 4301 tur,
473 4149 797 4305 conjicerem
824 4150 969 4326 sane,
1015 4149 1376 4271 instrumenta
1405 4154 1528 4273 haec
1558 4156 1742 4278 nostra
1769 4161 1850 4280 de:

317 4351 632 4517 paterarum
660 4363 851 4440 earum
869 4317 1060 4440 classe
1087 4318 1284 4471 fuisse,
1314 4364 1441 4484 quae
1475 4321 1848 4452 foeminarum

317 4485 565 4656 proptiae
598 4491 950 4610 haberentur.
1035 4491 1199 4609 Nam
1224 4487 1434 4608 etiamst
1456 4495 1614 4614 nulla
1641 4537 1847 4618 eorum

318 4657 498 4824 figura
526 4657 682 4776 vel
667 4703 740 4778 ιιι
766 4655 1132 4778 marmoribus
1159 4660 1249 4777 vel
1293 4649 1708 4784 numismatibus
1734 4711 1845 4786 un

311 4869 485 5026 quam
505 4823 618 4948 visa
648 4823 834 5022 srt,1n
861 4825 1127 4994 quibus
1094 4823 1417 4948 sacrificium
1436 4827 1673 5074 aliquod
1695 4833 1846 4958 avi

848 5165 1308 5277 uvantum
1403 5157 1408 5168 '

1769 5335 1850 5466 ris-
