5212 6732
706 691 788 810 ιο
1131 647 1788 772 Tauunn1n

665 861 1195 987 *Dissertatiuncula
1203 863 1446 1030 quadam
1463 861 1535 982 de
1545 860 1726 980 Bultae
1742 901 1929 982 aureae
1944 857 2050 982 usu
2045 893 2234 1053 atque

704 1030 917 1198 origine
938 1031 996 1154 in
1015 1033 1200 1154 lucem
1217 1033 1407 1200 postea
1422 1029 1592 1150 edidit
1611 1030 2100 1180 Baudelotius31n
2121 1079 2233 1228 qua

706 1203 933 1322 Bullam
949 1201 1119 1368 ipsam
1131 1245 1244 1322 non
1266 1246 1305 1322 a
1315 1203 1753 1370 ppuero,sedlm
1753 1231 1963 1320 emtore
1976 1119 2198 1366 ciliquo
2171 1247 2231 1320 tn

605 1381 608 1394 '
705 1368 974 1557 triumpho
1000 1371 1267 1534 gestatam
1305 1371 1411 1490 effe
1440 1229 1753 1518 declarat,
1750 1401 2042 1533 propterea
2077 1371 2235 1559 quod

704 1569 762 1658 et
789 1536 1174 1704 magnitudine
1201 1569 1258 1658 et
1287 1538 1552 1704 pondere,
1596 1567 1661 1656 ut
1682 1579 1734 1656 et
1717 1535 1984 1692 videtur,
2026 1541 2234 1694 majore

704 1703 855 1856 effet,
898 1751 1069 1872 quam
1090 1739 1219 1827 uta
1255 1750 1433 1874 puero
1459 1706 1755 1826 commode
1800 1705 1996 1870 gestari
2094 1706 2229 1829 ffetss

704 1880 874 1994 Hanc
895 1906 1086 1996 autem
1117 1875 1439 2065 opintonem
1466 1874 1550 1995 vir
1572 1873 1671 1994 iste
1699 1871 1956 1996 doetusa
1993 1751 2232 1998 giumo

705 2043 978 2208 sumpfiffe
1005 2044 1256 2197 videtur3
1303 2088 1402 2208 qut
1388 2043 1657 2164 Bullam
1676 2087 1801 2166 eam
1827 2047 2078 2196 alteram,
2126 2049 2232 2166 Ca·

700 2211 812 2334 tuli
840 2212 1065 2334 nomine
1092 2213 1477 2380 inscriptams
1462 2258 1520 2332 1n
1549 2215 1733 2334 lucem
1773 2243 1940 2334 antea
1962 2214 2229 2368 emiserat,

702 2412 876 2548 atque
903 2425 938 2502 a
966 2391 1062 2572 Q
1085 2383 1321 2505 Lutatio
1344 2383 1569 2510 Catulo,
1617 2387 1683 2502 C.
1717 2381 1947 2504 Marii
1934 2427 1991 2502 tn
2032 2381 2232 2503 trium·

703 2553 822 2718 pho
853 2550 1133 2672 Cimbrico
1183 2557 1450 2743 Collega,
1479 2552 1801 2718 usurpatam
1855 2551 1961 2674 effe
2008 2551 2232 2672 censue·

705 2736 832 2846 rat².
916 2719 1450 2844 Montfauconius
1436 2753 1590 2875 ttem,
1640 2723 1882 2842 eundem
1932 2719 2230 2842 Caustum

704 2887 945 3040 secutus,
989 2920 1047 3010 et
1069 2891 1249 3012 Bullae
1266 2892 1506 3046 ejusdem
1531 2889 1804 3058 figuram
1791 2935 1846 3012 m
1869 2889 2230 3012 Thesaurum

706 3057 871 3182 suum
906 2983 1258 3212 tiansferens,
1301 3063 1372 3182 de
1418 3059 1598 3183 Bullis
1646 3105 1769 3182 eam
1818 3057 2229 3229 triumphalibus

705 3227 865 3349 fuiffe
892 3227 1185 3382 existimat,
1229 3233 1303 3350 ob
1332 3231 1552 3352 causam
1579 3228 1778 3351 scilicet
1800 3231 1980 3383 istam,
2014 3273 2048 3348 a
2082 3230 2230 3350 Bau·

705 3395 917 3518 delotio
944 3398 1195 3550 allatam,
1216 3400 1368 3564 quod
1384 3398 1762 3591 ponderosa
1708 3398 1870 3522 mmis
1891 3399 2034 3526 esset,
2021 3443 2229 3564 ‚quam

707 3611 836 3757 quae
865 3565 1061 3732 puerili
1089 3568 1241 3689 aetati
1259 3570 1620 3690 conveniret³
1709 3574 1796 3690 At
1811 3613 1945 3688 vero
1966 3571 2110 3690 hanc
2132 3571 2230 3688 ho

707 3735 943 3888 minum,
1008 3725 1445 3859 dottiffimotum
1488 3738 1632 3890 licet,
1693 3737 2037 3903 opinionem,
2093 3735 2229 3856 mihi

708 3907 870 4024 nullo
897 3905 1067 4024 modo
1087 3905 1308 4097 probari
1335 3907 1547 4029 fateor:
1593 3906 1854 4074 primum,
1898 3907 2049 4072 quod
2093 3907 2228 4025 Bul·

707 4075 789 4194 las
810 4073 1070 4227 ejusmodi
1090 4075 1289 4239 puerili
1331 4077 1483 4197 aetati
1536 4121 1733 4243 parum
1780 4119 2052 4264 congntas
2085 4073 2227 4224 effe3

707 4241 928 4392 deinde,
973 4243 1200 4406 quoda
1244 4239 1722 4412 Triumphantibus
1759 4289 1989 4366 omnmo
2031 4242 2228 4412 gestari
2366 4363 2376 4376 ,

707 4409 912 4562 solitae,
935 4411 1237 4532 affirmant.
1226 4458 1500 4579 ·quorum
1517 4447 1780 4535 neutrum
1801 4413 2039 4580 quidem,
2049 4457 2230 4577 quan·

708 4607 832 4700 tum
862 4580 971 4746 ipse
1004 4580 1327 4750 investigare
1369 4581 1669 4752 potuerim,
1711 4587 1830 4705 ulla
1871 4583 2104 4707 omnino
2141 4581 2228 4700 vel

774 4919 786 4956 ²
819 4899 908 4983 vid.
931 4901 1031 4985 Hist.
1047 4905 1166 5004 Acad.
1186 4905 1300 4992 Paris.
1321 4907 1490 5016 Inscript.
1525 4905 1614 4991 vol,
1642 4935 1680 5020 3.
1704 4933 1743 5018 p.
1771 4935 1870 5020 230.

773 5043 787 5076 ²
819 5023 923 5107 Mus.
950 5025 1114 5110 Roman.
1136 5057 1174 5140 p.
1203 5059 1299 5144 103.

773 5157 785 5208 ³
819 5145 949 5256 Antiq.
973 5150 1091 5231 Tom.
1127 5181 1166 5260 3.
1192 5180 1268 5261 par.
1299 5187 1332 5238 t.
1351 5153 1376 5236 1.
1405 5179 1442 5234 2.
1465 5177 1497 5235 c.
1516 5181 1555 5235 x.
