5008 6706
722 719 858 801 ιι
1087 639 1612 820 τΑιυιΑ
1689 653 1886 816 mm

716 921 870 1000 mus:
935 919 1021 1030 cu
1026 915 1095 995 us
1143 913 1371 1038 quoque
1449 869 1850 992 imminutionis
1906 870 2244 1039 exemplaria

714 1046 919 1214 pariter
951 1039 1211 1212 quaedam
1238 1041 1329 1160 hic
1369 1037 1653 1162 delineata
1685 1035 2065 1206 proferuntur.
2175 1099 2180 1106 ·

1227 1340 1606 1522 s'EcT.
1651 1402 1780 1526 V..
1918 1519 1923 1530 .

902 1712 1115 1836 Uintus
1163 1707 1312 1830 enim
1359 1750 1643 1858 nummu8‚
1703 1705 1888 1856 affem,
1951 1707 2009 1827 ni
2053 1701 2235 1862 fallor,

714 1715 886 2090 Q
929 1881 1205 2003 uncialem
1233 1876 1428 2043 praese
1475 1875 1599 1996 fert.
1691 1873 1940 2042 Quippe
1951 1907 2087 1998 nota
2117 1878 2233 2032 ista,

711 2057 760 2205 Ι,
802 2097 931 2218 quae
960 2048 1083 2172 affis
1114 2044 1334 2212 propria
1376 2047 1635 2196 habetur,
1694 2043 1959 2234 utrinque
1989 2077 2237 2198 notatus,

558 2367 564 2374 p
711 2254 880 2412 atque
908 2265 983 2340 ex
1011 2219 1185 2338 altera
1212 2245 1389 2380 parte,
1448 2211 1580 2378 Jani
1632 2211 1887 2380 bicipitis,
1930 2255 2002 2333 ex
2038 2219 2234 2366 altera,

711 2391 870 2513 navis
896 2385 1100 2553 effigie,
1142 2427 1259 2504 una
1306 2427 1437 2504 cum
1466 2425 1625 2590 voce,
1683 2420 1878 2535 nomn,
1918 2381 2240 2550 subscripta,

712 2558 1104 2780 signatus
981 2555 1081 2675 est.

1193 2910 1532 3036 SECT.
1617 2917 1730 3036 VI.

822 3231 1027 3376 Ειιιιιε,
1068 3220 1190 3344 affis
1238 3181 1478 3378 ejusdem
1526 3261 1652 3388 pars
1696 3215 1962 3350 dimidia,
1982 3219 2092 3345 five
2138 3225 2233 3344 Se·

850 3392 1014 3518 miffls
1035 3391 1134 3542 est,
1178 3387 1378 3542 littera,
1433 3395 1493 3540 S,
1536 3389 1800 3555 utrinque
1836 3421 2105 3547 notatum
2147 3425 2229 3513 ιι-

709 3612 821 3734 que
843 3609 917 3684 ex
945 3565 1120 3682 altera
1140 3591 1318 3724 parte,
1360 3559 1539 3725 capite
1559 3558 1711 3679 senili
1743 3563 2013 3712 laureato,
2055 3605 2128 3682 ex
2150 3565 2233 3684 al-

710 3770 828 3856 tera
870 3731 1049 3852 rostro
1090 3727 1244 3848 navis
1294 3726 1620 3894 infignitus:
1661 3727 1824 3894 supra
1868 3774 2073 3850 navem
2100 3733 2233 3850 vero

709 3905 911 4070 littera,
949 3899 1032 4047 T,
1076 3927 1132 4018 et
1166 3894 1370 4016 vasculi
1414 3938 1640 4062 quoque
1681 3896 1976 4058 cujusdam
2012 3898 2229 4066 species,
2355 4017 2361 4027 .

709 4059 929 4194 artificis
964 3989 1164 4188 scilicet
1211 4094 1368 4217 nota,
1411 4065 1502 4182 vel
1552 4065 1888 4186 tabernae
1840 4108 1956 4220 ejus
1995 4066 2231 4328 signum,

711 4241 996 4408 exsculpta
1030 4232 1316 4356 cernitur&

1924 4408 1965 4523 S
1991 4405 2052 4536 E,
2070 4407 2123 4574 C
2151 4401 2225 4524 T.

776 4705 956 4786 ’Roma
970 4699 1073 4784 enim
1088 4697 1195 4796 olim
1227 4697 1380 4808 perinde
1400 4647 1451 4780 ac·
1472 4697 1513 4778 in
1546 4697 1714 4778 urbibut
1728 4693 1843 4780 hodie
1871 4697 2015 4800 nostris,
2053 4631 2227 4812 opifices,

712 4855 764 4915 no
779 4824 964 4908 mercium
984 4821 1275 4930 quarumlibet
1260 4821 1485 4918 venditores,
1516 4819 1685 4900 tabernas
1705 4819 1801 4922 suar,
1847 4847 1915 4930 pro
1934 4763 2114 4929 cujirsque
2134 4821 2229 4902 arbi-
2381 4815 2384 4821 ’

714 4951 798 5046 trio,
832 4943 1088 5050 tabulis-piebis
1109 4944 1170 5023 seu
1186 4943 1426 5049 imaginibus,
1456 4969 1547 5049 quas
1561 4941 1664 5050 figna
1678 4969 1873 5046 vocamus,
1903 4943 2125 5064 distinguere
2139 4968 2230 5025 eon-

713 5075 923 5154 sueverunt.
987 5065 1093 5146 Hinc
1113 5065 1215 5144 Galli
1229 5064 1425 5170 cujusdam
1446 5064 1612 5172 effigiem
1632 5061 1844 5145 deformem
1873 5085 1987 5173 atque
2006 5065 2229 5160 immanem,

711 5186 1091 5280 montaniacum
1121 5185 1315 5270 Cimbrico
1342 5189 1496 5300 pictam,
1527 5203 1567 5268 et
1587 5186 1770 5268 Taberna
1789 5185 1971 5270 aridam
1957 5213 2000 5272 ru
2035 5189 2135 5270 Foro
2150 5188 2245 5266 Ro-·

1718 5359 1723 5367 ψ
2118 5331 2232 5390 mano

1384 5469 1428 5560 ,Ζ
