5212 6732
648 695 700 788 ss
1025 657 1762 830 P'RAEFATLO.

654 871 749 993 vel
767 870 1147 1024 delectationis,
1217 872 1312 995 vel
1349 873 1606 994 utilitatis
1631 867 1861 1034 ftuiius
1910 871 2185 1037 attnltffet,

656 1045 856 1200 eosdem
896 1048 1024 1164 item
1050 1048 1257 1193 ceteris,
1300 1047 1399 1210 qni
1420 1041 1531 1163 hec
1549 1041 1738 1203 studia
1770 1043 2181 1207 persequuntur,

650 1215 936 1377 ,impertire
950 1209 1128 1380 pfft.
1217 1217 1290 1332 ln
1317 1257 1383 1332 ee
1408 1215 1553 1332 enim
1571 1209 1827 1330 nonnulle
1842 1215 2183 1376 reperiemus,

659 1421 777 1546 que
806 1383 868 1499 ob
896 1382 1186 1501 raritatem
1208 1411 1374 1550 atque
1408 1384 1579 1552 operis
1601 1383 1765 1499 etiam
1799 1378 2183 1530 excellentium,

651 1549 752 1668 ‘uel
768 1555 911 1668 inter
942 1549 1362 1718 prestnutifflma
1389 1594 1454 1669 ex
1487 1546 1581 1666 hoe
1601 1592 1797 1714 genere
1820 1552 2184 1713 Antiquitatis

660 1750 999 1836 monumenta
1032 1723 1316 1838 numerari
1339 1747 1580 1882 queant.-
1623 1721 1689 1834 de
1725 1716 1944 1880 reliquis
1982 1747 2183 1868 autern,

530 2025 533 2032 ‚
639 1887 997 2052 stqnepinm
1045 1915 1252 2034 contra,
1323 1885 1580 2048 veneria
1635 1886 1812 2031 nimis,
1861 1915 2041 2048 atque¹
2081 1883 2184 2004 hec

660 2085 823 2173 tante
848 2051 1132 2215 differendi
1141 2083 1339 2221 pompa
1357 2058 1452 2174 vix
1473 2052 1641 2218 digna
1675 2045 1979 2198 uideantur,
2022 2085 2085 2171 at
2105 2056 2185 2172 ri·

660 2255 777 2342 tune
797 2267 863 2340 en
889 2255 1090 2371 tannen,
1132 2253 1195 2342 nt
1214 2225 1349 2371 dixi,
1390 2265 1649 2342 mererere
1686 2217 1940 2386 aliquem,
1981 2265 2088 2338 uon
2111 2224 2186 2340 ab

609 2449 615 2460 ·
654 2393 787 2509 eliis
807 2389 1046 2552 fetrtaffe
1066 2421 1432 2541 memoratum,
1473 2421 1576 2510 eut
1602 2389 1749 2508 clere
1765 2390 1912 2546 stetis
1954 2388 2185 2556 explicet·

660 2591 797 2708 turn,
825 2559 1142 2725 plerumque
1155 2555 1443 2724 illustrent.
1506 2569 1690 2723 Atque
1708 2554 1857 2680 illud
1873 2561 2038 2678 etietm
2064 2567 2185 2676 aui·

656 2730 1102 2847 madvertendnrn
1130 2730 1219 2890 est,
1263 2727 1562 2885 hujusmodi
1584 2725 1827 2846 ve'elelieet
1857 2755 2039 2894 opere,
2082 2767 2186 2844 non
2220 2739 2224 2756 '

650 2899 847 3065 peritis
866 2896 1012 3015 medo
1030 2928 1085 3014 et
1103 2897 1280 3017 intelli
1309 2897 1531 3045 entibus,
1554 2896 1668 3054 fid
1688 2894 1933 3058 stneliosts
1959 2935 2187 3015 commu·

660 3069 804 3182 niter
823 3065 1061 3181 omnibus
1091 3095 1143 3182 et
1184 3068 1418 3182 dicendi
1465 3065 1669 3234 cupidis
1711 3067 1978 3226 proponi3
2020 3093 2187 3226 etque

615 3321 623 3334 .
657 3234 747 3350 nd
760 3235 995 3349 omniurn
1021 3233 1135 3348 ideo
1150 3235 1421 3397 ingenium
1440 3231 1828 3350 accommodari
1836 3228 2058 3383 solere,
2102 3234 2186 3349 ita

654 3431 725 3519 ,nt
758 3444 877 3562 que
905 3401 1258 3566 peritioribus
1295 3397 1527 3559 fortnffie
1571 3399 1774 3517 tedium
1792 3396 2187 3561 fastidiumque

661 3599 855 3694 creent,
899 3567 1083 3687 eadent
1123 3602 1304 3688 temen
1348 3569 1491 3722 aliis,
1534 3573 1595 3686 in
1643 3563 1737 3683 hoc
1768 3607 1967 3730 genere
2012 3571 2187 3685 minus

612 3819 615 3826 -
657 3741 989 3885 ,exercitatis
1033 3742 1345 3858 erunitionis
1374 3783 1440 3856 ne
1458 3738 1700 3897 stieueiae
1720 3735 2038 3894 accefflonern
2078 3735 2186 3855 ali-

659 3945 829 4070 quane
864 3904 1127 4066 efferant.
1214 3907 1374 4066 Istud
1406 3903 1530 4026 vero
1557 3903 1823 4067 utcunque
1844 3907 2050 4064 fleerit,
2094 3899 2187 4022 hoc
2269 3927 2271 3932 ’

647 4071 853 4232 saltem
876 4078 1052 4192 dicere
1079 4076 1218 4226 hcet,
1262 4070 1398 4194 hune
1427 4117 1652 4224 ornnem,
1694 4071 2069 4238 qualescunque
2095 4072 2185 4231 est,

662 4285 850 4361 rernm
877 4249 1230 4407 antiquarum
1256 4275 1602 4412 apparatum,
1647 4283 1749 4357 uon
1775 4284 1879 4404 qno
1910 4242 2193 4395 stribeudi

660 4411 972 4572 secesionem
991 4397 1304 4580 nrrrperem
1333 4446 1431 4534 unt
1460 4413 1806 4531 eruditionem
1835 4452 2007 4528 meane
2026 4407 2188 4568 esten-

347 4623 350 4630 ·
478 4727 480 4734 ,
661 4611 861 4726 tarem,
904 4615 970 4696 ex
1016 4579 1248 4702 anorum
1281 4585 1496 4740 Museis
1530 4579 1877 4742 destempturn‚
1925 4575 2040 4733 sed
2077 4619 2188 4694 meo

661 4776 823 4911 npere
870 4791 934 4862 ac
955 4752 1178 4917 fiemptu
1234 4737 1737 4916 conquifitumeffe3
1822 4788 1990 4906 neque
2036 4743 2189 4898 usum
2320 4863 2326 4871 .

658 4915 782 5070 ‘ejus
802 4915 1067 5033 meliorem
1090 4964 1170 5036 nee
1186 4923 1397 5085 quidem
1424 4921 1717 5084 excogitare
1733 4913 1983 5080 petuiffe,
2024 4955 2190 5078 quern

728 5153 729 5158 κ
1054 5130 1081 5204 1
2128 5112 2190 5200 ut
