5008 6706
609 712 1195 850 TABULA
1277 719 1485 844 XXII.
1745 758 1868 884 259

350 931 621 1056 evolutas,
665 885 1040 1078 examinalset,
1084 972 1149 1050 ac
1172 929 1383 1051 summa
1405 926 1690 1117 diligentia
1718 930 1877 1049 dils
1940 991 2012 1010 ν
2016 986 2089 1018 -e

347 1095 556 1245 cuillet,
596 1097 651 1216 se
686 1097 830 1218 nihil
843 1097 1081 1265 prorsuS,
1126 1130 1325 1262 praeter
1347 1096 1589 1218 Gummi
1634 1098 1727 1216 seu
1766 1096 1873 1214 As-

205 1301 211 1306 ·
350 1259 524 1436 phalti
552 1269 805 1429 glebulas
827 1268 1088 1433 quasdam
1116 1299 1397 1389 concretas
1413 1265 1674 1386 invenisse
1694 1264 1872 1386 dicit¹.

347 1438 563 1620 Neque
590 1434 808 1553 aliud
794 1466 939 1554 rtem
964 1436 1270 1601 quidquam
1313 1434 1622 1555 Pocockius
1671 1434 1874 1583 noster,

351 1601 728 1769 peregrinator
755 1603 1001 1723 curiosus
1030 1637 1199 1771 atque
1227 1605 1553 1755 eruditur,
1540 1650 1595 1722 m
1634 1605 1876 1724 Mumiis

348 1771 479 1922 istis,
540 1815 678 1934 quas
706 1771 1074 1936 perscrutatus
1096 1775 1194 1924 est,
1236 1775 1290 1892 se
1321 1772 1756 1911 animadvertisse
1781 1775 1877 1894 de·

346 1865 554 2072 clarirt²
556 2033 575 2060 .
646 1939 944 2062 Mumiam
963 1993 970 2005 ·
992 1942 1240 2106 denique
1265 1944 1525 2091 nostram,
1578 1939 1881 2104 pretiosilsn

281 2243 286 2254 ,
348 2143 445 2232 ma
474 2109 601 2231 licet
646 2109 939 2230 condiendi
969 2110 1179 2230 ratione
1222 2143 1491 2260 curatam,
1543 2112 1765 2260 nullum
1793 2142 1903 2230 ta·¹
2018 2225 2022 2236 .

352 2323 482 2398 men
510 2271 842 2428 aromatum,
900 2279 1208 2401 odorumve
1243 2323 1438 2446 genua,
1491 2312 1690 2444 praeter.
1732 2279 1883 2398 bitur

348 2486 483 2568 men
512 2461 728 2570 meru'm
758 2447 1000 2566 redolere
1027 2480 1127 2568 aut
1153 2449 1415 2568 exhibere
1439 2447 1766 2567 invenimus.
1802 2503 1863 2560 .··

442 2618 620 2780 Quod
665 2659 799 2736 vero
847 2617 918 2738 de
967 2616 1348 2738 Cadaveribus
1398 2615 1542 2736 hisce
1594 2615 1881 2738 Diodorus
1972 2749 1976 2758 ,

355 2783 555 2936 scribit,
600 2786 854 2906 nimirum
884 2815 1044 2906 tanto
1069 2831 1135 2906 ea
1163 2786 1395 2908 artificio
1422 2787 1630 2952 semper
1657 2785 1883 2908 condita

357 2952 535 3104 fililse,
579 2987 646 3075 ut
657 2955 954 3148 prssinarn
973 2952 1197 3075 hominis
1223 2959 1470 3122 cujusque
1506 2955 1731 3122 effigiem
1754 2956 1883 3126 spe·

358 3126 595 3287 ciemqre
597 3122 821 3289 'fingula'
845 3126 1154 3274 retinerent,
1199 3154 1252 3243 rt
1277 3125 1372 3244 vel
1397 3125 1789 3292 palpebrarum
1816 3167 1882 3244 ac

340 3291 758 3459 superciliorum
776 3294 933 3460 pili
907 3299 1108 3458 mtegri
1130 3313 1475 3444 manerent³;
1529 3337 1883 3458 nequaquam

189 3566 193 3578 ,
358 3463 555 3580 verum
600 3457 708 3578 elle
730 3460 929 3624 potest,
973 3461 1064 3582 sed
1092 3461 1163 3579 de
1204 3464 1391 3590 loculo
1426 3460 1613 3630 potius
1649 3463 1884 3582 cadave

352 3625 432 3746 'ris
461 3629 727 3792 quamde
761 3631 1027 3758 cadavere
1052 3629 1164 3794 ipso
1185 3630 1636 3796 intelligendum,
1677 3630 1883 3822 quippe
2067 3655 2073 3668 “

348 3797 594 3917 ‘cadaver
608 3791 901 3959 mult1p11c1
920 3795 1655 3986 lascrarumrntegumenm,
1641 3844 1674 3918 a
1703 3799 1882 3964 capite

240 3979 243 3987 ’
349 3963 532 4128 'usque
560 3964 631 4081 ad
675 3963 904 4132 pedes
890 3995 966 4082 na
993 3963 1214 4152 penitus
1255 3968 1573 4088 involutum
1616 3998 1750 4119 erat,
1790 3999 1881 4091 ut

231 4251 238 4256 .
349 4132 595 4251 'nullae'
547 4175 665 4284 ejus
570 4175 819 4298 Jpars
854 4133 1085 4252 omnino
1114 4133 1347 4298 conspici
1377 4136 1564 4301 pollet
1654 4187 1663 4206 ‚
1784 4213 1787 4220 ·
1876 4205 1879 4214 ·

445 4301 771 4424 Herodotus
795 4332 1037 4451 contra,
1053 4305 1199 4421 hanc
1220 4347 1336 4422 rem
1358 4305 1433 4423 ita
1457 4309 1632 4468 plane,
1664 4335 1743 4423 ut
1784 4349 1880 4468 ge·
1974 4336 1976 4338 ’

362 4469 444 4590 sta
488 4500 637 4616 erat,
683 4511 963 4633 exponere
997 4469 1232 4590 videtur.
1354 4483 1393 4541 “
1441 4477 1684 4590 Cerebro
1732 4517 1880 4598 cmm

167 4736 171 4745 .
352 4650 409 4805 ·“
430 4635 842 4801 visceribusque
851 4637 1134 4790 detraois,
1154 4625 1491 4886 cadaverper
1520 4643 1632 4760 dies
1662 4643 1776 4804 sept
1778 4686 1880 4771 ua

426 4947 560 5034 'Vid.
583 4903 754 5033 Kirchei.
782 4947 918 5058 Oedlp.
942 4951 1043 5061 AEgy
1045 4966 1100 5060 pt
1124 4949 1214 5035 Vol
1239 4982 1278 5064 5.
1300 4979 1419 5064 po
1365 4983 1465 5067 595

423 5071 559 5154 ⁸.Vid
581 5070 733 5154 Pocock
750 5070 952 5158 Travelsl.
974 5101 1012 5186 5.
1035 5101 1068 5156 c.
1091 5099 1133 5186 5.
1268 5155 1272 5163 .

421 5201 441 5292 3
472 5191 561 5280 Vid.
585 5191 741 5281 Diodor.
760 5193 849 5284 ibid.

346 5331 356 5348 '
1113 5313 1337 5444 Kk2
1647 5317 1887 5484 “ginta
2019 5445 2020 5450 5
2216 5309 2221 5324 ’
