5212 6732
708 691 786 844 ψ
1144 667 1854 805 TABULnlm

703 923 951 1008 marcam
969 881 1125 1052 pueri
1144 880 1440 1047 imaginem
1464 879 1728 1018 eMuleo
1748 883 1849 1002 suo
1871 882 2064 1038 edidit,
2095 889 2237 1026 Bul

704 1059 759 1176 la
782 1085 1055 1201 ornatam,
1112 1051 1170 1172 in
1200 1095 1315 1216 qua
1341 1049 1521 1170 cordis
1548 1049 1732 1214 ligura
1759 1049 2033 1220 insculpta
2061 1097 2237 1220 appa-2

704 1255 822 1345 ret:
888 1224 1043 1388 quod
1084 1253 1272 1342 tamen
1314 1219 1388 1338 ad
1441 1217 1885 1344 Christianorum
1931 1220 2234 1388 priscorum

704 1389 1162 1512 consuetudinem
1208 1389 1364 1506 istam
1413 1385 1645 1508 omnino
1694 1385 2053 1512 referendum
2097 1391 2230 1546 effe,

703 1559 1060 1680 Ficcoronius
1076 1555 1315 1678 ostendit
1333 1567 1369 1676 ¹.

788 1726 1119 1898 Qinetiam
1157 1769 1354 1846 omnes
1393 1723 1535 1876 fere,
1595 1723 1693 1890 qui
1735 1727 1806 1848 de
1842 1731 2009 1852 Bulla
2057 1775 2228 1864 aurea

703 1899 1050 2066 scripserunt,
1074 1937 1197 2016 eam
1213 1893 1488 2014 nobilium
1504 1893 1855 2020 solummodo
1869 1897 2076 2050 liberis,
2105 1935 2230 2020 tan-

702 2109 878 2233 quam
900 2065 1179 2232 propriam
1199 2062 1557 2214 attribuunt,
1603 2094 1851 2184 attamen
1872 2067 2124 2232 Equestri
2147 2071 2229 2190 lo-

703 2281 775 2360 co
802 2237 968 2385 naria,
1011 2235 1187 2398 usque
1213 2235 1286 2352 ab
1315 2231 1474 2352 initio
1508 2229 1834 2384 concessam,
1878 2237 2126 2398 liquet²:
2172 2269 2230 2358 et

701 2403 993 2572 postremis
1041 2404 1299 2568 deinceps
1340 2399 1690 2568 Reipublicae
1733 2404 2093 2570 temporibus,
2153 2411 2228 2527 ab

702 2571 962 2864 ingppuis
991 2573 1118 2692 sane
1146 2571 1501 2860 qmfflibet’
1561 2569 2228 2862 geustorpnppppsordinum

699 2787 932 2892 civius,
993 2785 1199 2864 uorum
1368 2773 1562 2862 tatesa
1622 2787 1829 2862 11um
1906 2787 2064 2864 rum
2169 2787 2227 2864 m

701 2786 1095 3080 pemngedent,
1143 2891 1261 3075 pro*
1274 2909 1436 3030 libitu
1462 2909 1784 3078 usurpatam
1810 2911 1932 3069 effe,
1972 2953 2046 3032 ex
2065 2775 2227 3038 fgince-¹

703 3083 853 3203 conis
880 3085 1006 3202 loco
1033 3079 1281 3244 quodam
1302 3077 1649 3246 perspicuum
1670 3081 1770 3200 est.

788 3248 1015 3372 Etenim
1059 3246 1291 3398 Cicer0,
1352 3251 1586 3370 Verrem
1632 3247 1921 3402 accusant,
1986 3293 2223 3416 puerum

704 3421 982 3588 quendam
1013 3447 1432 3584 praetextatum,
1477 3421 1536 3536 P.
1562 3417 1817 3580 Junium,
1861 3463 2030 3583 quem
2058 3421 2224 3586 patri·

702 3589 893 3710 monio
912 3593 1117 3707 Verres
1137 3585 1412 3752 spoliarat,
1442 3584 1500 3706 in
1522 3585 1822 3752 conspeetu
1841 3587 2112 3748 Judicum
2133 3589 2223 3710 led

704 3759 816 3878 fine
846 3759 1010 3881 Bulla
1035 3753 1344 3922 produxit,
1390 3755 1706 3921 quodcum
1731 3757 2078 3910 Hortensiae,
2125 3757 2223 3922 qui

702 3931 941 4050 Verrem
968 3925 1318 4074 defendebat,
1363 3967 1495 4046 cum
1536 3925 1893 4090 populariter,
1940 3957 2110 4091 atque
2139 3927 2223 4046 in-

551 4129 557 4140 ·
685 4095 866 4216 ,vidiae
888 4093 1306 4216 commovendae
1327 4093 1489 4212 causa
1508 4091 1688 4215 fecille
1707 4094 1933 4261 questus
1949 4095 2093 4236 effer,
2127 4096 2221 4215 Ci-

701 4309 829 4386 cero
851 4266 927 4388 ita
948 4263 1277 4428 respondet3
1325 4272 1366 4334 “
1395 4261 1556 4432 Qud
1582 4293 1720 4414 crat,
1766 4262 2049 4414 Hortenlr,
2095 4295 2219 4386 tan·

702 4447 742 4508 “
785 4437 912 4555 dem
935 4434 991 4554 in
1015 4432 1112 4552 illo
1133 4473 1311 4598 puero
1330 4433 1651 4596 populare?
1689 4429 1826 4598 quid
1847 4429 2219 4556 invidiosum?

765 4759 778 4796 ¹
809 4747 873 4828 De
891 4747 1019 4832 Veter.
1040 4741 1284 4830 Christianor.
1301 4743 1400 4828 ritib.
1418 4769 1456 4854 p.
1480 4745 1583 4856 2⁶5.
1606 4741 1709 4827 Edit.
1732 4743 1851 4831 Rom.
1878 4749 2012 4852 1644..
2025 4743 2068 4828 lt.
2086 4745 2218 4828 Ficco-

699 4887 779 4948 ron.
797 4865 910 4948 Della
931 4867 1035 4949 Bdlla
1054 4867 1171 4948 d'oro.
1187 4893 1226 4976 p.
1249 4895 1316 4973 14.

763 4995 778 5030 ¹
808 4987 925 5072 Unde
945 5016 1026 5070 mos
1045 4989 1241 5090 deductus,
1271 5007 1314 5072 ut
1333 5015 1480 5088 eorum,
1511 4989 1581 5098 qui
1601 5015 1705 5102 equo
1726 4989 1957 5092 meruiffent,
1990 4987 2058 5071 filii
2078 4989 2219 5099 insigne

694 5113 734 5194 id
755 5113 947 5196 haberent.
980 5111 1077 5194 Plin.
1103 5109 1203 5196 Hist.
1219 5111 1314 5194 Nat.
1332 5111 1357 5192 l.
1381 5139 1451 5224 33.
1482 5137 1517 5198 r.

717 5272 721 5283 ·
1021 5275 1046 5352 1
1970 5227 2219 5352 Gracchi

2480 898 2483 909 ¹
