5008 6706
708 637 972 831 TAB
966 687 1042 816 U
1087 692 1228 816 LA
1316 685 1510 812 ΧΧΙ.
1717 728 1859 848 229

390 899 605 1070 Quod
637 895 1092 1089 Hermaplrroditi
1114 931 1323 1048 autem,
1352 896 1503 1062 apud
1534 934 1727 1019 omnes
1745 896 1863 1018 fere
2046 893 2051 904 ’

338 1103 552 1264 gentes
571 1100 784 1260 atque
760 1113 913 1188 omnr
935 1100 1098 1189 aetate
1120 1111 1306 1186 revera
1323 1067 1626 1214 extiterint,
1645 1111 1678 1185 a
1699 1063 1862 1232 senp-

338 1242 573 1368 toribus
579 1235 836 1402 antiquis,
878 1268 995 1358 tarn
1016 1237 1230 1356 Graecis
1260 1279 1430 1400 quam
1455 1233 1690 1423 Latinis,
1747 1257 1863 1355 me'-

337 1409 532 1532 moriae
570 1407 851 1573 proditum
895 1406 992 1525 est.
1083 1405 1371 1525 Diodorus
1412 1447 1530 1551 eoo,
1573 1402 1714 1524 inter
1761 1401 1863 1522 hu

338 1582 496 1698 mani
509 1581 722 1744 generis
761 1575 992 1734 monstra
1034 1573 1380 1692 anonnullis
1417 1571 1694 1722 recenseri,
1737 1571 1862 1692 scri-

341 1743 459 1894 bit3
507 1789 633 1868 raro
661 1745 717 1864 in
746 1745 927 1862 lucem
961 1741 1156 1892 editos,
1202 1774 1254 1861 et
1280 1746 1549 1860 interdum
1567 1742 1805 1890 mala,
1778 1785 1863 1877 rne-

278 1917 554 2035 tardum
581 1916 717 2034 bona
733 1913 1120 2078 portendentes.
1209 1914 1374 2075 Qid
1410 1943 1556 2027 ortus
1584 1913 1863 2084 Androgy-

342 2084 423 2231 ni',
465 2085 639 2246 iuquit
669 2087 869 2228 Cicero,
911 2123 1080 2200 nonne
1083 2081 1274 2236 fatale
1289 2083 1553 2243 quoddam
1578 2073 1864 2242 monstrum

331 2251 506 2411 fuit?
550 2247 760 2369 Plinius
787 2245 937 2397 dein,
970 2251 1290 2414 gignuntur,
1343 2245 1572 2410 inquit,
1586 2277 1638 2364 et
1664 2247 1864 2392 utrius-

343 2461 471 2582 que
482 2421 671 2572 sexus,
735 2459 859 2582 quos
898 2413 1388 2610 Hermaphroditus
1436 2457 1771 2564 automno
1742 2416 1865 2564 οΙὶιη

342 2589 690 2778 Androgyno
715 2615 942 2733 vocatos,
986 2614 1037 2704 et
1064 2587 1123 2702 in
1138 2588 1360 2750 prod
1292 2628 1402 2750 gns
1449 2579 1581 2702 hab
1524 2585 1673 2734 boos,
1711 2613 1865 2730 num

343 2797 465 2872 vero
491 2756 550 2872 in
576 2753 818 2874 deliciis&
909 2751 1136 2942 Quippe
1159 2753 1363 2874 statuas
1403 2793 1597 2871 eorum
1643 2795 1677 2870 e
1712 2781 1865 2889 urat)

343 2965 498 3042 more
542 2921 750 3111 fingere
778 2919 1132 3086 effigiesque
1119 2964 1172 3038 rn
1197 2918 1430 3086 gemmis
1460 2919 1761 3086 insculpere
1782 2921 1866 3040 so-

345 3091 551 3239 lebant,
564 3133 843 3276 quarum
871 3087 1095 3254 quidem
1128 3090 1287 3238 duae,
1331 3088 1562 3253 antiquo
1589 3133 1755 3252 opere
1783 3126 1866 3214 at·
1963 3249 1965 3254 ,

343 3249 455 3421 que
487 3255 688 3378 eximia
714 3291 832 3378 arte
859 3255 1035 3383 fluas,
1077 3259 1169 3375 vel
1196 3255 1362 3376 hodie
1391 3258 1557 3376 etiam
1593 3291 1864 3411 extantes,

344 3429 574 3546 alteram
649 3425 924 3548 Rornae
909 3471 967 3544 m
1025 3424 1182 3544 Villa
1253 3424 1567 3586 Borghefia,
1637 3355 1866 3548 alterani

344 3595 718 3744 Florentiae,
704 3617 760 3715 ιη’
803 3592 1131 3714 nobilissimo
1160 3593 1397 3714 Etruriae
1438 3595 1617 3715 Ducis
1639 3597 1866 3749 Museo,

307 3761 497 3910 ridi,
537 3761 800 3925 utrasque
844 3761 1016 3880 sane
1004 3794 1144 3881 rnter
1173 3761 1603 3952 praestantillrma
1629 3761 1868 3928 sculptu
1903 3805 1988 4032 4

327 3973 425 4062 rae
448 3928 647 4059 veteris
674 3961 1038 4052 monumenta
1071 3930 1268 4048 merito
1294 3934 1696 4080 numerandas,
1738 3937 1870 4054 Flo-

344 4096 619 4222 reatinam
647 4131 836 4224 autem
866 4093 1046 4249 illam,
1090 4142 1122 4216 e
1151 4099 1311 4220 Pano
1355 4144 1627 4222 marmore
1655 4099 1867 4256 flotam,

343 4268 441 4431 qui
456 4267 527 4388 in
548 4269 690 4390 hisce
707 4272 871 4390 rebus
900 4267 1220 4433 intelligunt
1243 4269 1783 4432 Hermaphroditum
1803 4273 1868 4391 il-

347 4439 466 4584 lum
492 4435 738 4576 nobilem
765 4435 1150 4584 ellecredunt,
1191 4480 1357 4601 quern
1396 4438 1606 4557 Plinius
1649 4440 1867 4578 Policlis

345 4605 606 4770 opuselie
624 4607 908 4728 declarate
924 4612 1008 4728 At
1020 4650 1134 4726 non
1146 4605 1500 4769 antiquorum
1521 4609 1703 4728 modo
1719 4611 1869 4748 testi

1673 4777 1871 4900 moniis

408 4961 571 5045 Diod.
592 4963 665 5046 sic.
687 4961 713 5046 l.
734 4991 773 5072 3.
794 4989 832 5073 p.
860 4991 960 5075 ²15·
994 4961 1097 5044 Edit.
1129 4958 1315 5082 Hanov.
1303 4980 1346 5044 rt.
1369 4960 1450 5044 Cic.
1479 4964 1543 5052 De¹
1561 4963 1691 5048 Divin.
1727 4993 1764 5053 ι.
1794 4999 1867 5076 41.

343 5083 387 5167 ir.
408 5083 507 5170 Plin.
529 5086 629 5171 Hist.
650 5085 745 5168 Nat.
763 5082 789 5170 l.
808 5115 849 5201 7.
875 5113 913 5197 3.
936 5085 1012 5170 vid.
1035 5105 1150 5168 cuam
1168 5112 1221 5167 sn
1242 5069 1313 5192 49.

405 5206 551 5306 ’Plin
573 5207 626 5294 ib.
650 5235 721 5319 34.
742 5207 781 5292 8.
845 5208 935 5294 Vid.
956 5201 1071 5294 etiam
1090 5207 1273 5312 Museurn
1293 5205 1460 5290 Florent.
1483 5235 1505 5288 a
1524 5208 1643 5293 Gono
1654 5209 1745 5294 edit
1768 5213 1867 5297 Tab.

1736 5385 1739 5394 '
1793 5364 1867 5441 4⁰2
