5008 6706
719 539 1190 758 Tnsstrnn
1240 637 1413 758 ‘xic
1718 679 1842 796 213
1951 597 1956 604 ’

397 853 487 988 At
515 887 650 966 vero
692 887 907 995 omnm,
951 887 1048 1009 qur
1034 840 1149 962 de
1193 840 1532 1009 ponderibus
1571 841 1656 964 his
1699 848 1841 988 anti»

253 1071 256 1078 ·
313 1015 438 1180 quis
493 1014 835 1179 scripserunt,
900 1057 966 1132 ac
1015 1041 1299 1134 momenta
1334 1053 1529 1131 eorum
1582 1051 1842 1138 accurate

311 1183 538 1308 definire
587 1213 772 1304 conati
758 1181 967 1332 '‚sunt
998 1223 1260 1348 magnam
1296 1179 1353 1299 in
1392 1180 1466 1302 eis
1511 1181 1637 1300 sane
1664 1185 1840 1304 varie-

219 1376 223 1386 ’
310 1385 484 1473 tatem
512 1383 569 1472 et
609 1349 1026 1517 discrepantiam
1052 1349 1105 1468 se
1136 1341 1397 1470 invenisse
1418 1345 1691 1502 dicunt,
1676 1386 1753 1473 tta
1770 1385 1838 1474 ut

238 1557 248 1570 ·
309 1521 366 1640 in
393 1519 617 1710 singulis
650 1565 766 1639 non
794 1519 965 1640 modo
995 1518 1192 1669 Italiae,
1235 1519 1325 1637 sed
1354 1519 1504 1638 urbis
1548 1521 1714 1641 etiam
1753 1522 1837 1688 ip-

301 1689 417 1812 .fius
461 1689 798 1878 regipnibu3‚
843 1686 1053 1808 diversa
1085 1732 1281 1808 eorum
1303 1731 1504 1852 genera
1532 1689 1590 1808 in
1611 1692 1715 1811 usu
1744 1691 1835 1811 fu-

283 1857 402 2002 ,isse
434 1858 769 2009 existiment,
813 1902 942 2024 quae
988 1857 1060 1977 ad
1091 1859 1386 1977 modulum
1431 1857 1675 2024 aliquem
1719 1905 1835 1981 cer-

304 2058 433 2147 tum
470 1952 956 2195 legitimumquea
1007 2025 1416 2190 magistratibus
1459 2028 1611 2146 haud
1662 2029 1835 2196 redigi
1934 2073 1938 2082 ·

306 2228 648 2360 potuerunt·
693 2237 937 2362 quorum
965 2192 1192 2360 quidem
1229 2195 1514 2358 pleraque,
1560 2241 1688 2361 quae
1730 2202 1834 2318 ho·

297 2365 395 2492 ‚die
415 2397 663 2515 manent,
692 2364 1010 2488 amensura
1027 2363 1141 2482 sere
1160 2362 1358 2486 usrtata
1384 2361 1635 2516 deficere,
1679 2411 1833 2531 quae·

308 2535 439 2658 dam
465 2568 656 2654 tamen
685 2565 899 2681 contra,
939 2533 1172 2653 eandem
1199 2533 1529 2723 exsuperare
1551 2537 1834 2699 reperiun-

304 2719 449 2823 tur¹.
518 2709 737 2868 Atque
766 2706 887 2822 haec
909 2703 1223 2866 ponderum
1250 2703 1608 2868 antiquorum
1637 2704 1830 2826 discre-

275 2871 528 3040 pantia,
557 2917 918 2994 nummorum
946 2872 1079 2991 item
1106 2914 1409 3020 aeneorum,
1453 2915 1579 3036 qur
1536 2870 1649 2991 ad
1690 2918 1830 3039 pon-

301 3043 498 3163 derum
537 3041 777 3163 tationes
806 3043 1015 3207 semper
1050 3038 1452 3167 accommodari
1493 3040 1685 3196 solent,
1728 3088 1830 3167 va·

302 3210 522 3334 rietates
551 3256 643 3334 eas
675 3212 838 3378 supra
859 3210 1125 3332 indicatas
1141 3211 1416 3375 explicare
1436 3210 1655 3376 poterit

647 3675 654 3682 .
819 3551 1138 3674 SECT
1211 3557 1291 3672 ΙΙ

218 3931 223 3940 ,
298 3791 639 4126 pondera
664 3899 730 3974 ea
757 3855 991 4009 minora,
1036 3901 1278 4024 quorum
1322 3859 1511 3982 seriem
1541 3867 1828 4029 quandam

242 4129 250 4136 .
415 4069 724 4214 proxrmo
760 4029 887 4145 loco
936 4029 1261 4194 descriptam
1291 3910 1577 4184 videmus,
1609 4035 1823 4156 nonnisr

178 4255 186 4264 ·
297 4193 523 4314 unciam
551 4227 795 4315 veterem
824 4196 1048 4362 ejusque
1076 4230 1257 4361 partes
1286 4200 1500 4362 aliquas
1536 4203 1822 4324 exhibent

297 4365 391 4482 Ex
418 4363 581 4483 variis
608 4395 800 4484 autem
835 4409 1031 4484 eorum
1061 4369 1359 4487 momentis
1409 4369 1707 4535 perspicere
1756 4373 1827 4494 li·
1858 4413 1957 4454 *f

297 4566 420 4650 cet·
403 4619 424 4682 ‚
469 4532 662 4653 uncias
691 4533 869 4683 hasce,
912 4566 1081 4700 prout
1102 4535 1159 4653 in
1178 4536 1310 4654 locis
1340 4536 1556 4656 diversis
1586 4574 1824 4725 reperta,

297 4701 479 4820 autad
495 4700 1339 4855 ususdiversosadhibiraeessent‚
1363 4738 1418 4825 et
1438 4703 1823 4873 magnitudine

296 4869 628 5036 plerumque
643 4871 1107 5038 etponderease
1094 4917 1327 4990 mvrcem
1344 4875 1671 5041 discrepasse
1691 4883 1829 4999 Mc·

776 5089 1328 5206 ¹vtd.Hoop.ibp.173

980 5252 1007 5328 1
1513 5247 1519 5254 ’
1720 5212 1828 5334 dici
