5008 6720
678 707 795 828 140
1048 633 1748 788 ‚rnuonnxr
1896 615 1900 620 ’

671 873 820 994 mina
867 903 925 990 et
972 871 1149 1010 morbi
1190 904 1250 991 et
1290 867 1593 991 curationis
1643 869 1803 1019 ratio,
1862 865 1920 986 in
1949 865 2193 992 Tabulis

671 1038 992 1160 marmoreis
1020 1039 1442 1160 alacerdotibus
1463 1037 1730 1202 descripta
1749 1067 1915 1200 atque
1937 1035 1994 1155 in
2015 1037 2196 1160 Tema

672 1208 778 1373 plis
805 1209 920 1360 ejus
949 1207 1198 1370 suspensa
1221 1237 1403 1328 erant:
1447 1249 1685 1369 quarum
1728 1203 1952 1369 quidem
1978 1209 2196 1348 tabulae

672 1421 801 1496 rum
828 1375 1204 1538 fragmentum
1222 1374 1505 1538 quoddam
1534 1371 1909 1523 memorabile,
1954 1373 2011 1492 in
2040 1375 2195 1494 Insu-

673 1547 728 1664 la
776 1541 888 1706 ipsa
915 1541 1207 1702 Tyberina
1235 1571 1529 1706 repertum,
1576 1543 1856 1660 Gruterus
1879 1540 2088 1690 edidit,
2134 1539 2193 1658 in

674 1753 790 1874 quo
816 1705 975 1829 caecis
1003 1710 1243 1858 duobus,
1273 1707 1560 1829 curatione
1582 1709 1878 1872 quadama
1906 1711 2035 1827 Deo
2056 1751 2199 1876 prae·

673 1876 892 2042 scripta,
934 1877 1106 2036 visum
1134 1882 1402 1998 redditum
1428 1876 1544 2042 effie,
1577 1876 1770 2042 populo
1789 1876 2112 2044 inspeslante
2128 1919 2194 1994 ar
2379 1887 2382 1894 “

667 2044 1005 2210 gratulante,
1053 2043 1431 2210 fignificatur¹.
1519 2050 1663 2164 Haec
1706 2075 1895 2164 autem
1936 2043 2192 2192 remedia,

614 2337 619 2344 ,
678 2215 735 2330 in
767 2212 1012 2375 Templo
1047 2211 1178 2363 Dei,
1237 2210 1559 2378 conspeleui
1606 2211 1858 2338 omnium
1905 2209 2224 2376 proposrta'

678 2379 1048 2543 Hippocrates
1078 2379 1207 2544 ipse,
1254 2412 1322 2500 ut
1350 2380 1561 2503 Plinius
1602 2377 1700 2530 ait,
1744 2376 2048 2544 exscripfiffc
2075 2409 2196 2498 tra·

678 2551 850 2698 ditur,
893 2579 947 2668 et
996 2543 1208 2716 Templo
1237 2552 1368 2706 jam
1393 2578 1642 2706 cremata,
1680 2543 1952 2714 instituiffe
1986 2547 2200 2665 medici·

636 2803 648 2814 -
679 2761 809 2834 nam
836 2759 969 2840 eam,
1012 2761 1130 2878 quae
1161 2719 1363 2838 Clinice
1388 2747 1610 2840 ematur
1626 2731 1661 2836 ².
1817 2757 1821 2763 ·

675 2971 680 2980 -
765 2888 833 3002 ln
883 2885 1027 3002 hanc
1071 2881 1241 3050 igitur
1268 2883 1576 3050 AEsculapii
1626 2883 1893 3034 Insulam,
1952 2881 2198 3002 Romani

681 3049 953 3214 mancipia
977 3051 1078 3170 sua
1106 3095 1276 3214 aegra,
1319 3053 1630 3216 morbisque
1667 3048 1873 3172 affecta
1899 3093 2196 3216 exponere,

681 3251 849 3382 atque
887 3215 1042 3362 omni
1069 3218 1178 3338 alia
1214 3263 1323 3386 ope
1354 3221 1635 3372 destituta,
1679 3220 1792 3340 Dei
1827 3223 2020 3342 tutelae
2049 3263 2197 3340 com·-

680 3385 899 3508 mittere
926 3385 1362 3536 consueverunt3
1429 3392 1608 3510 donec
1647 3386 1924 3510 Claudius.
1956 3392 2203 3552 Impera,-

682 3587 786 3678 tor‚
829 3597 944 3716 quo
965 3585 1079 3674 tam
1131 3555 1427 3679 immanem
1469 3557 1824 3680 dominorum
1861 3599 1993 3722 erga
2020 3557 2199 3676 servos

684 3719 1067 3842 crudelitatem
1094 3723 1395 3875 cohiberet,
1439 3723 1626 3846 edisio
1662 3725 1860 3874 sanxit,
1906 3737 1944 3792 “
1987 3755 2055 3843 ut
2082 3769 2205 3844 om-

676 3900 725 3958 “
770 3933 866 4008 nes
892 3887 988 4054 qui
1011 3925 1444 4054 exponerentur,
1488 3893 1644 4014 liberi
1683 3893 1869 4042 essent,
1930 3935 2032 4012 nec
2059 3885 2208 4012 redi·

582 4141 588 4150 -
688 4070 727 4126 “
772 4089 896 4176 rent
924 4056 979 4176 in
1018 4058 1282 4184 ditionem
1312 4061 1612 4188 domini,fi
1663 4060 2089 4182 convaluissent:
2144 4093 2202 4180 et

688 4237 727 4294 “
771 4224 933 4389 srquis
964 4269 1157 4344 necare
1179 4272 1348 4392 quem
1389 4231 1600 4378 mallet,
1641 4273 1812 4400 quam
1831 4267 2129 4396 exponere,
2159 4227 2210 4348 is

688 4407 728 4464 “
758 4395 936 4512 -caedis
965 4394 1191 4516 crimine
1219 4398 1593 4520 tenerewr³.'²

752 4645 768 4682 ¹
797 4629 947 4712 Gruter.
964 4655 1008 4734 p,
1025 4657 1096 4738 γι.
1161 4632 1225 4712 Ex
1245 4628 1319 4712 hac
1333 4633 1504 4733 Tabula„
1531 4654 1574 4716 ut
1595 4579 1906 4716 Montfauoonius
1925 4634 1988 4734 ait,
2024 4633 2083 4714 vel
2112 4635 2207 4714 Da-

690 4777 849 4834 monum
871 4750 909 4828 in
943 4751 1083 4830 morbis
1101 4751 1308 4866 infligendis
1335 4781 1379 4836 ac
1398 4745 1846 4864 pellendlspotallatem,
1877 4754 1937 4838 vel
1962 4757 2208 4838 Sacerdotum.

609 4955 612 4962 .
689 4871 901 4954 Gentilium
921 4871 1068 4952 fraudes
1087 4899 1131 4953 ac
1159 4875 1353 4988 prestigias
1386 4879 1559 4994 colligere
1580 4880 1688 4962 licet,
1744 4877 1833 4958 vid.
1858 4877 2017 4994 Antiqu.
2049 4871 2137 4958 Vol.
2162 4904 2209 4960 2.
2311 4997 2313 5002 Ι
2467 4925 2478 4942 ·‹

687 5021 765 5112 par.
796 5021 831 5074 ι.
855 4993 879 5074 Ι.
902 5020 942 5095 4.
960 5017 993 5072 c.
1013 4997 1053 5074 6.
1127 5077 1132 5092 ,

747 5121 766 5214 3
799 5113 900 5204 Hist.
915 5115 969 5195 N·
987 5113 1012 5196 l.
1034 5141 1108 5227 29,
1123 5143 1164 5206 c,
1185 5147 1227 5204 ιι
1644 5139 1664 5192 1
1692 5122 1841 5206 Sueton.
1862 5121 1901 5200 in
1921 5119 2057 5204 Claurb
2078 5145 2156 5360 Ἅι
2164 5145 2212 5227 5..

1004 5276 1009 5292 ,
1361 5285 1366 5296 ,
2155 5267 2214 5356 ἰ,
