5212 6732
682 689 762 864 5b
1090 695 1577 818 TABU‘LA
1664 698 1772 817 111.

555 901 559 912 ’
679 907 787 1028 Sed
831 904 1075 1028 mulieris
1125 905 1257 1026 item
1301 910 1508 1030 collum
1562 911 1839 1056 catenula,
1883 903 1978 1026 seu
2007 909 2200 1034 monili

564 1087 566 1096 ’
678 1121 851 1198 aureo
871 1071 1131 1210 ornatum
1148 1077 1322 1230 ellJJ
1277 1075 1515 1201 e'uldem
1536 1078 1699 1242 plane
1715 1072 1946 1240 generis,
1964 1119 2031 1197 ac
2048 1081 2200 1242 quod

679 1247 737 1364 in
768 1247 892 1364 ollis
920 1277 1172 1363 veterum
1194 1245 1646 1410 sepulchralibus,
1689 1287 1804 1364 una
1838 1287 1971 1364 cum
1997 1246 2200 1372 ollibus

680 1450 1030 1534 mortuorum
1054 1413 1329 1532 interdum
1352 1413 1640 1532 conditum
1657 1411 1961 1578 reperitur¹.
2022 1417 2199 1584 Qod

679 1627 812 1700 vero
840 1583 911 1698 ad
941 1623 1058 1696 rem
1097 1581 1338 1726 nostram
1368 1579 1544 1746 magis
1580 1579 1838 1746 pertinet,
1882 1584 1951 1702 de
1978 1585 2207 1746 pueruli,

679 1753 826 1870 collo
876 1752 1030 1868 bulla
1080 1791 1267 1899 aurea,
1314 1747 1671 1916 ingenuitatis
1721 1745 1949 1914 infigne,
1993 1749 2198 1944 depen-

679 1919 815 2037 dens
842 1918 1111 2070 cerniturJ
1158 1961 1285 2082 quae
1314 1963 1443 2038 cum
1471 1916 1669 2067 forma,
1712 1947 1835 2038 tum
1861 1907 2204 2087 magnitudi'·

679 2087 765 2207 nis
791 2087 1166 2253 proportione,
1211 2132 1339 2208 cum
1361 2089 1515 2206 bulla
1559 2085 1659 2206 ista
1706 2129 1989 2254 germana,
2031 2131 2199 2254 quam

678 2259 843 2422 supra
871 2257 1128 2408 exhibui,
1163 2257 1385 2424 penitus
1412 2253 1687 2446 congruit.

739 2425 1095 2614 Qinetiam
1122 2427 1340 2592 pueruli
1367 2425 1533 2580 hujus
1560 2456 1695 2594 toga
1722 2421 1994 2592 singulare
2037 2425 2200 2590 quid-

530 2679 539 2692 .
679 2563 811 2714 dam
861 2595 1124 2714 exhibere
1151 2595 1400 2746 videturJ
1469 2637 1601 2714 nam
1644 2593 1864 2714 fasciam
1914 2593 2205 2760 quandam

679 2766 867 2910 latam,
913 2763 1079 2884 baltei
1117 2765 1190 2882 ad
1240 2763 1425 2914 instar,
1468 2795 1620 2884 trans
1670 2759 1900 2930 pediora
1947 2757 2197 2915 dubiam,

679 2945 846 3097 atque
867 2936 1097 3053 alteram
1121 2933 1248 3052 inde
1268 2933 1508 3090 ejusdem
1524 2932 1738 3085 formae,
1782 2931 2036 3053 deorsum
2062 2954 2201 3098 pen-i

678 3103 904 3222 dentem
952 3100 1241 3222 cernimus.
1345 3100 1527 3290 Atqui
1569 3103 1713 3222 hanc
1761 3102 1998 3222 eandem
2050 3132 2200 3268 togae

680 3266 946 3434 speciem
934 3315 989 3388 m
1018 3269 1181 3390 aliis
1168 3307 1300 3392 item
1321 3315 1530 3438 paucis,
1560 3303 1618 3396 et
1643 3269 1891 3392 virorum
1931 3303 1990 3394 et
2011 3267 2199 3394 foemi-

569 3575 573 3584 ,
680 3481 880 3558 narum
901 3439 1095 3558 statuis
1122 3441 1440 3588 observavi3
1488 3439 1558 3560 de
1578 3482 1692 3606 qua
1712 3469 1898 3560 tamen
1923 3439 2061 3560 nihil
2077 3451 2203 3560 om-·'

682 3607 815 3779 nino
857 3609 1010 3774 quod
1055 3607 1241 3798 liquet,
1286 3609 1702 3798 ascriptoribus
1743 3609 2009 3730 traditum
2045 3651 2201 3774 repe·

665 3767 779 3896 'rio
858 3784 998 3897 Hoc
1025 3778 1160 3903 mihi
1188 3809 1376 3900 tamen
1404 3777 1692 3898 verisimile
1719 3811 1989 3944 apparets
1981 3776 2205 3899 ·fascias'

674 3945 859 4097 hasce,
924 3975 1073 4114 togae
1129 3949 1245 4102 ejus
1149 3992 1464 4112 Jquam
1485 3947 1731 4066 trabeam
1750 3933 2042 4075 vocabant,
2087 3945 2204 4068 for-

683 4157 831 4234 mam
875 4138 932 4234 'et
951 4117 1231 4276 gestandae
1268 4160 1480 4235 morem
1501 4114 1757 4236 indicare.
1799 4115 2029 4236 Trabea
2050 4115 2202 4237 enim

681 4285 817 4404 nihil
845 4284 999 4406 aliud
1028 4315 1161 4412 erat,
1205 4330 1271 4407 ac
1299 4316 1448 4452 togae
1496 4285 1697 4448 species
1734 4273 2014 4452 quaedam,¹
2067 4327 2200 4452 pur·

626 4643 632 4650 .
681 4544 880 4645 reticulum
899 4564 1050 4650 tegmen
1072 4542 1199 4651 capitis
1217 4543 1398 4625 muliebre
1415 4559 1534 4626 vocat.
1600 4543 1679 4653 [De
1691 4569 1797 4652 prop.
1816 4525 1940 4625 serm.
1955 4569 1991 4625 c.
2014 4569 2079 4648 14.
2083 4537 2100 4648 ]
2116 4545 2200 4624 Set·

684 4659 768 4746 vius
786 4667 914 4747 locum
934 4665 1046 4746 istum
1062 4667 1225 4773 Virgilii,
1257 4663 1384 4748 Crines
1407 4663 1629 4745 'nodantur
1610 4693 1652 4746 tn
1670 4693 1816 4764 aurum,
1848 4663 1895 4746 de
1923 4662 2056 4746 teriolo
2087 4691 2203 4746 aureo

682 4787 868 4896 intelligit,
899 4788 938 4868 in
958 4789 1061 4896 quod
1083 4788 1242 4869 Didonis
1262 4815 1382 4869 comae
1418 4787 1699 4895 colligebantur.
1764 4787 1875 4896 [AEn.
1897 4817 1939 4892 4.
1983 4781 2105 4896 138.]
2133 4785 2201 4866 Ifi·

682 4909 795 4992 dorus
814 4930 941 4990 autem
959 4911 1172 5012 reticulum,
1195 4939 1269 4992 non
1290 4931 1421 5010 arete,
1451 4911 1513 4990 ted
1527 4911 1631 5016 quod
1647 4909 1764 4992 crines
1778 4909 1970 5012 retineret
2008 4909 2060 4990 ita
2083 4933 2202 4990 voca·

504 5027 508 5036 ’
682 5032 727 5134 ri,
749 5027 852 5114 haud
873 5036 971 5112 recte
990 5035 1198 5118 arbitratur
1262 5032 1416 5142 Orig..l
1447 5063 1513 5142 ¹9·
1538 5061 1613 5141 3¹·

734 5153 877 5236 '‘Vid.
895 5155 1088 5240 Ficcoron.
1101 5154 1218 5240 ibid.
1206 5175 1248 5239 it.
1266 5155 1396 5268 aeger.
1415 5153 1601 5248 Theseus.
1627 5153 1811 5239 brandei).
1844 5153 1962 5238 Tom.
1978 5181 2026 5266 3.
2034 5179 2073 5262 p.
2093 5155 2205 5256 426

2012 5267 2200 5438 pilleis
