5008 6720
1329 599 1631 766 (1⁶0)'
1755 619 1763 634 ’

939 993 1029 1212 τ
1064 997 1146 1153 Α
1182 995 1246 1152 u
1304 999 1382 1179 u
1440 997 1509 1152 e
1546 996 1627 1152 n
1666 979 1906 1152 ΚΝ.

699 1219 706 1234 ·
818 1326 989 1449 Rima
1018 1323 1264 1446 Tabulae
1291 1323 1457 1479 hujus
1501 1320 1700 1492 figura,
1745 1324 1984 1444 Bacchae
2012 1327 2189 1481 cujus
2222 1272 2227 1280 -

838 1498 990 1647 dam,
1032 1493 1127 1618 seu
1157 1490 1378 1614 feminae
1425 1493 1482 1614 in
1511 1491 1715 1615 Bacchi
1756 1491 1912 1615 sacris
1939 1491 2187 1648 initiatae,

666 1663 960 1834 imaginem
1010 1705 1123 1830 prae
1167 1659 1221 1781 se
1266 1661 1386 1783 sere
1480 1661 1704 1783 Etenim
1748 1661 2018 1814 Bacchus,
2057 1709 2188 1786 cum
2235 1769 2241 1776 .

495 1929 582 1954 a...
666 1836 739 1956 ad
769 1835 940 1954 Indos
966 1829 1129 1952 annis
1157 1831 1468 1953 domandos
1496 1829 1940 1996 proficisceretur,
1984 1835 2190 1954 multas

665 2005 851 2124 secum
879 1999 1136 2123 mulieres
1151 1999 1207 2120 in
1235 1999 1484 2122 exercitu
1500 1999 1714 2126 duxiss‘e
1743 2000 2020 2152 traditur,
2061 2047 2190 2167 quae

536 2233 545 2242 ·
667 2170 1012 2338 lymphatico
1033 2169 1278 2333 quodam
1307 2166 1495 2289 firrore
1510 2165 1675 2322 asiae,
1719 2166 1970 2334 tripudiis
1991 2162 2209 2292 carmi-¹

667 2339 939 2505 nibusque
961 2337 1113 2504 gesta
1135 2337 1251 2490 ejus
1272 2339 1641 2489 celebrabant,
1682 2379 1746 2458 ac
1784 2340 2000 2458 cultum
2025 2337 2077 2456 ei
2106 2339 2191 2459 di·
2383 2379 2388 2392 ·

666 2508 861 2630 vinum
894 2506 1223 2628 tribuebant.
1339 2507 1725 2676 Qramobrem
1765 2505 1823 2626 in
1863 2539 2193 2674 perpetuam

666 2673 1030 2842 expeditionis
1087 2671 1240 2794 istius
1280 2675 1621 2804 memoriam,
1692 2673 1948 2796 inuberes
1995 2677 2188 2842 postea

666 2846 738 2968 ad
787 2846 992 2967 Bacchi
1021 2844 1235 3009 semper
1272 2843 1420 2965 sacra
1457 2845 1719 2965 adhibitae
1774 2874 1968 2963 erant:
2039 2890 2188 3011 quae,

666 3013 799 3182 quia
826 3013 883 3134 in
929 3011 1120 3181 Orgiis
1154 3009 1286 3163 istis,
1332 3013 1720 3136 insanientium
1756 3012 1862 3132 sese
1899 3057 2055 3134 more
2077 3013 2193 3182 agi·

390 3259 393 3266 =
531 3245 632 3357 f
666 3215 805 3334 tare,
847 3225 912 3306 ac
933 3181 1246 3348 gesticulari
1272 3182 1529 3332 solerent,
1572 3225 1757 3352 graeco
1798 3182 2023 3302 nomine
2049 3185 2190 3305 Bac·

661 3353 791 3472 chae
820 3393 888 3470 ae
917 3347 1214 3470 Maenades
1240 3346 1409 3471 dietae
1453 3353 1616 3499 sunt,
1637 3447 1643 3456 .
1666 3353 1821 3472 velut
1864 3353 2024 3472 Deus
2057 3353 2193 3476 item

526 3659 530 3668 ¹
667 3518 798 3686 ipse,
841 3521 914 3638 ab
942 3561 1136 3640 earum
1169 3517 1461 3672 comitatu,
1506 3523 1806 3641 Bacchus¹.

671 3775 787 3895 Ubi
804 3779 985 3942 capita
1012 3777 1301 3897 Maenades
1326 3775 1609 3930 visiaciunt
1636 3719 1980 3944 hederigerae,

670 3945 787 4068 Ubi
792 3945 969 4104 saera
977 3945 1186 4104 scansio
1210 3947 1385 4065 acutri
1409 3943 1707 4066 ululatibus
1738 3949 1953 4114 agitant
1964 3959 2002 4065 ².
2046 4117 2128 4236 Ba

2130 4161 2188 4236 c.

727 4425 754 4532 ἰ
777 4407 936 4491 Diodor.
965 4407 1051 4504 ,Sia
1083 4407 1114 4494 1.
1136 4438 1178 4517 4.
1199 4437 1238 4521 p.
1284 4437 1386 4513 211,
1431 4437 1534 4495 212.
1569 4413 1645 4497 bec.
1677 4409 1781 4494 Edit.
1824 4413 1929 4496 Han.
1961 4411 2005 4496 it.
2031 4410 2190 4494 Subdiu

666 4557 915 4738 wigandi.
936 4651 983 4732 de
1004 4657 1096 4764 Aty.
1119 4659 1191 4761 64.
1211 4656 1269 4736 Hi
1292 4651 1566 4738 Bacchantium
1585 4653 1703 4758 chori,
1728 4655 1803 4739 five
1823 4657 2006 4758 virorum,
2035 4657 2108 4740 five
2129 4655 2190 4738 se·

669 4773 878 4874 minarum,
909 4771 1043 4858 Thiasi
1062 4796 1255 4859 vocantur.

983 4896 1152 5002 Instituit
1168 4897 1347 5006 Daphnis
1364 4893 1514 5007 Thiafhs
1532 4897 1701 4980 inducere
1717 4901 1876 4988 Baccha

665 5016 795 5130 [Virg.
819 5015 901 5100 Ecl.
930 5048 968 5130 5.
989 5019 1079 5131 3o.]
1112 5017 1202 5102 hinc
1223 5019 1393 5104 Bacchus
1415 5023 1516 5134 apud
1538 5021 1762 5135 Euripidem
