5212 6732
817 613 1525 833 rnaunnru
1832 753 1911 879 a
2218 761 2223 772 -

396 911 668 1084 nusquam
689 942 956 1079 apparet3
996 958 1126 1080 quae
1154 959 1285 1042 cum
1313 913 1476 1082 supra
1501 946 1693 1080 togam
1711 921 1780 1042 de
1800 922 1916 1047 col·
1980 1069 1982 1077 λ

396 1083 456 1202 lo
478 1082 786 1246 dependere
813 1082 1028 1233 soleret,
1072 1129 1175 1210 nec
1205 1083 1387 1208 omitti
1408 1129 1511 1210 nec
1540 1087 1796 1208 abscondi
1815 1131 1916 1252 po-

395 1279 558 1398 terat,
604 1246 731 1368 srad
750 1248 1251 1416 Triumphantium
1273 1254 1502 1374 omnino
1517 1287 1778 1375 ornatum
1795 1299 1918 1419 per-

397 1415 674 1540 tinuisset.
762 1421 849 1539 At
877 1463 1011 1540 vero
1056 1423 1237 1541 bullas
1282 1420 1405 1540 istas
1439 1423 1695 1590 puerileS,
1740 1422 1918 1548 maxi·

397 1629 493 1704 mo
520 1584 731 1752 semper
758 1585 909 1749 apud
940 1591 1229 1708 Romanos
1260 1587 1317 1708 in
1355 1593 1567 1710 honore
1597 1589 1775 1742 fuisse,
1826 1637 1918 1714 ac-

398 1753 662 1916 cepimus,
752 1755 912 1876 Bello
955 1756 1104 1878 enirn
1142 1758 1373 1905 Punic0,
1419 1803 1547 1878 cum
1574 1759 1786 1880 summa
1823 1804 1918 1925 pe·
1964 1785 1967 1798 '

397 1921 579 2042 cuniae
629 1922 817 2090 inopia
859 1955 1255 2090 premerentur,
1300 1926 1664 2091 aerariumque
1703 1931 1918 2092 prorsus

396 2089 734 2211 exhaustum
783 2092 928 2218 effer,
972 2097 1211 2213 Senatus
1253 2094 1516 2241 decrevit,
1566 2107 1715 2217 “ut
1762 2095 1919 2260 quic-

398 2290 430 2338 “
471 2257 606 2420 quid
636 2258 757 2380 auri
785 2260 999 2426 argenti
1024 2261 1210 2381 aerisve
1228 2261 1423 2428 signati
1439 2263 1591 2385 domi
1609 2265 1920 2417 habuerint,

401 2437 444 2502 “
488 2425 546 2544 id
565 2470 732 2548 omne
759 2428 817 2547 in
844 2427 1133 2594 publicum
1159 2430 1489 2562 conferrent,
1532 2432 1607 2552 ita
1629 2463 1825 2566 tamen,
1854 2465 1921 2553 ut

399 2605 435 2756 ‘f
476 2598 678 2715 anulos
707 2595 800 2716 fibi
822 2596 1052 2762 quisque
1073 2630 1131 2718 et
1162 2599 1280 2720 lilio
1309 2603 1522 2724 bullam
1551 2601 1828 2768 relinquat
1841 2601 1920 2722 ².’'

397 2762 673 2884 Sertorius
700 2765 956 2931 denique,
1006 2810 1140 2886 cum
1166 2766 1224 2886 in
1254 2767 1520 2933 Hispania
1549 2771 1760 2892 bellum
1787 2815 1924 2891 con«

341 3021 350 3040 .
397 2939 484 3050 tra
508 2927 796 3052 Romanos
824 2966 1059 3099 gereret,
1089 2979 1204 3098 quo
1225 2935 1605 3100 Hispanorum
1622 2936 1838 3056 animos
1861 2939 1919 3058 sr-

339 3111 341 3116 ’
397 3098 454 3218 bi
484 3098 785 3221 devinciret
827 3131 994 3266 atque
1038 3102 1095 3220 in
1118 3101 1226 3223 lide
1248 3105 1343 3222 sua
1363 3105 1636 3254 retineret,
1682 3138 1920 3269 praetex-

395 3301 515 3387 tam
538 3270 864 3432 bullamque
892 3313 1117 3389 auream
1160 3271 1349 3394 liberis
1386 3318 1599 3422 eorum,
1653 3277 1920 3394 Romano
1970 3293 1972 3302 ’
2089 3337 2097 3350 ·

396 3479 551 3556 more
567 3438 906 3602 gestandam,
952 3437 1152 3558 dedisse
1176 3440 1453 3564 traditur&

481 3607 664 3725 Bullae
704 3648 839 3725 vero
877 3649 1062 3724 aureae
1108 3610 1253 3756 loc0,
1317 3610 1750 3760 Libertinorurn,
1791 3609 1922 3728 civi·

396 3817 622 3938 umque
637 3775 1029 3937 pauperiorum
1052 3775 1209 3930 filios,
1240 3776 1457 3944 signum
1477 3780 1763 3943 quoddam
1785 3777 1921 3932 ejus·

461 4127 472 4161 ¹
507 4114 647 4196 Pierius
663 4133 792 4196 autem
815 4112 1050 4214 Valerianus,
1084 4117 1131 4196 de
1155 4117 1273 4198 Bulla
1290 4146 1408 4200 aurea
1428 4120 1496 4200 usu
1527 4119 1727 4228 disputans,
1761 4119 1920 4202 Trium·

395 4233 557 4348 phatotis
573 4237 672 4336 sane,
705 4262 817 4316 curru
849 4237 1067 4348 triumphali
1089 4242 1236 4338 invedi,
1269 4241 1434 4350 effigiem
1454 4239 1641 4339 exhibuit,
1672 4241 1734 4320 cui
1773 4241 1922 4321 Bullae

393 4357 492 4444 collo
513 4357 708 4468 dependet.
773 4357 841 4438 llla
862 4387 965 4457 ver0,
998 4389 1046 4442 ex
1062 4360 1171 4442 nullo
1202 4383 1454 4457 monumento
1476 4382 1598 4442 vetere
1620 4361 1828 4469 desumpta,
1860 4362 1921 4442 sed

395 4479 441 4560 ad
463 4498 733 4587 argumentum
754 4479 994 4594 solummodo
1025 4509 1092 4590 pro
1108 4511 1213 4564 more
1234 4484 1300 4564 suo
1320 4485 1580 4576 illustrandum
1611 4484 1773 4580 inventa,
1807 4502 1920 4592 atque

396 4627 448 4680 ex
470 4603 626 4682 auftotis
642 4603 751 4711 ipsius
775 4601 925 4710 ingenio
947 4603 1092 4710 penitus
1112 4605 1197 4684 fieta
1216 4605 1298 4687 est:
1331 4607 1435 4712 cujus
1451 4607 1606 4716 quidem
1630 4603 1791 4714 speciem
1811 4631 1920 4684 orna-

397 4741 557 4830 tumque
574 4750 743 4820 omnem,
776 4751 998 4832 agermano
1019 4725 1357 4834 Triumphantium
1387 4747 1560 4808 veterum
1600 4724 1732 4807 habitu
1764 4727 1922 4806 omnino

393 4841 605 4945 abhorrere,
639 4846 794 4926 constat.
935 4843 1018 4927 Vid.
1037 4847 1144 4932 Pier.
1170 4846 1293 4932 Valer.
1312 4846 1550 4957 Hyeroglyph.
1568 4845 1611 4930 de
1632 4847 1732 4932 Bull.
1750 4865 1790 4960 p.
1817 4877 1916 4961 30¹·

459 4975 475 5010 ²
493 4967 577 5048 Liv.
599 4967 624 5051 1.
649 4974 717 5054 26.
744 4967 870 5076 goir.
886 4967 986 5056 Flor.
1004 4969 1030 5050 l.
1051 4997 1091 5054 2.
1111 4973 1151 5051 6.
1921 4983 1922 4988 '

460 5091 474 5147 ³
495 5089 683 5177 Plutarch.
699 5091 739 5172 in
759 5089 834 5174 Vit.
851 5093 986 5173 Sertor.
1002 5117 1040 5202 p.
1063 5120 1117 5204 57
1124 5119 1166 5204 5„

1798 5291 1925 5418 dem
2079 5363 2081 5368 ·
