<?xml version="1.0" encoding="UTF-8"?>
<!DOCTYPE html PUBLIC "-//W3C//DTD XHTML 1.0 Transitional//EN"
    "http://www.w3.org/TR/xhtml1/DTD/xhtml1-transitional.dtd">
<html xmlns="http://www.w3.org/1999/xhtml" xml:lang="en" lang="en">
 <head>
  <title>
</title>
<meta http-equiv="Content-Type" content="text/html;charset=utf-8" />
  <meta name='ocr-system' content='tesseract 3.04.00' />
  <meta name='ocr-capabilities' content='ocr_page ocr_carea ocr_par ocr_line ocrx_word'/>
</head>
<body>
  <div class='ocr_page' id='page_1' title='image "./germanaquaedama00middgoog_0142.png"; bbox 0 0 5042 6724; ppageno 0'>
   <div class='ocr_carea' id='block_1_1' title="bbox 678 667 1864 808">
    <p class='ocr_par' dir='ltr' id='par_1_1' title="bbox 678 667 1864 808">
     <span class='ocr_line' id='line_1_1' title="bbox 678 667 1864 808; baseline -0.019 0"><span class='ocrx_word' id='word_1_1' title='bbox 678 723 800 808; x_wconf 67' lang='grc' dir='ltr'>τοι</span> <span class='ocrx_word' id='word_1_2' title='bbox 1137 667 1650 794; x_wconf 87' lang='lat' dir='ltr'>TABULA</span> <span class='ocrx_word' id='word_1_3' title='bbox 1693 671 1864 791; x_wconf 91' lang='lat' dir='ltr'>VIII.</span> 
     </span>
    </p>
   </div>
   <div class='ocr_carea' id='block_1_2' title="bbox 553 875 2238 3242">
    <p class='ocr_par' dir='ltr' id='par_1_2' title="bbox 669 875 2202 1176">
     <span class='ocr_line' id='line_1_2' title="bbox 669 875 2202 1036; baseline -0.007 -28"><span class='ocrx_word' id='word_1_4' title='bbox 669 893 801 1036; x_wconf 85' lang='lat' dir='ltr'>itus,</span> <span class='ocrx_word' id='word_1_5' title='bbox 853 881 1052 1007; x_wconf 75' lang='lat' dir='ltr'>aditus,</span> <span class='ocrx_word' id='word_1_6' title='bbox 1105 881 1340 1000; x_wconf 85' lang='lat' dir='ltr'><em>ambitus</em></span> <span class='ocrx_word' id='word_1_7' title='bbox 1366 879 1438 998; x_wconf 85' lang='lat' dir='ltr'>ad</span> <span class='ocrx_word' id='word_1_8' title='bbox 1464 877 1615 1000; x_wconf 87' lang='lat' dir='ltr'>sacra</span> <span class='ocrx_word' id='word_1_9' title='bbox 1650 876 1752 998; x_wconf 83' lang='lat' dir='ltr'>ista</span> <span class='ocrx_word' id='word_1_10' title='bbox 1783 875 2038 999; x_wconf 74' lang='lat' dir='ltr'>socienda</span> <span class='ocrx_word' id='word_1_11' title='bbox 2082 879 2202 1002; x_wconf 85' lang='lat' dir='ltr'>dari</span> 
     </span>
     <span class='ocr_line' id='line_1_3' title="bbox 675 1061 1103 1176; baseline -0.009 0"><span class='ocrx_word' id='word_1_12' title='bbox 675 1061 1103 1176; x_wconf 86' lang='lat' dir='ltr'>memorantur¹.</span> 
     </span>
    </p>

    <p class='ocr_par' dir='ltr' id='par_1_3' title="bbox 553 1214 2238 2690">
     <span class='ocr_line' id='line_1_4' title="bbox 764 1214 2203 1384; baseline -0.003 -44"><span class='ocrx_word' id='word_1_13' title='bbox 764 1227 834 1340; x_wconf 92' lang='lat' dir='ltr'>In</span> <span class='ocrx_word' id='word_1_14' title='bbox 862 1218 1280 1384; x_wconf 86' lang='lat' dir='ltr'>sepulchrorum</span> <span class='ocrx_word' id='word_1_15' title='bbox 1317 1247 1509 1340; x_wconf 90' lang='lat' dir='ltr'>autem</span> <span class='ocrx_word' id='word_1_16' title='bbox 1538 1259 1734 1336; x_wconf 90' lang='lat' dir='ltr'>eorum</span> <span class='ocrx_word' id='word_1_17' title='bbox 1771 1214 2019 1368; x_wconf 75' lang='lat' dir='ltr'>cameriS,</span> <span class='ocrx_word' id='word_1_18' title='bbox 2059 1214 2203 1336; x_wconf 82' lang='lat' dir='ltr'>&#39;sub-</span> 
     </span>
     <span class='ocr_line' id='line_1_5' title="bbox 674 1383 2202 1552; baseline -0.004 -40"><span class='ocrx_word' id='word_1_19' title='bbox 674 1388 939 1512; x_wconf 83' lang='lat' dir='ltr'>terraneis</span> <span class='ocrx_word' id='word_1_20' title='bbox 968 1391 1299 1552; x_wconf 89' lang='lat' dir='ltr'>plerumque</span> <span class='ocrx_word' id='word_1_21' title='bbox 1328 1417 1384 1508; x_wconf 88' lang='lat' dir='ltr'>et</span> <span class='ocrx_word' id='word_1_22' title='bbox 1411 1383 1777 1537; x_wconf 81' lang='lat' dir='ltr'>tenebricosis,</span> <span class='ocrx_word' id='word_1_23' title='bbox 1820 1387 1895 1506; x_wconf 89' lang='lat' dir='ltr'>ad</span> <span class='ocrx_word' id='word_1_24' title='bbox 1929 1384 2070 1507; x_wconf 79' lang='lat' dir='ltr'>ritus</span> <span class='ocrx_word' id='word_1_25' title='bbox 2109 1427 2202 1509; x_wconf 89' lang='lat' dir='ltr'>eos</span> 
     </span>
     <span class='ocr_line' id='line_1_6' title="bbox 674 1550 2238 1726; baseline 0.002 -48"><span class='ocrx_word' id='word_1_26' title='bbox 674 1557 1044 1726; x_wconf 83' lang='lat' dir='ltr'>peragendos,</span> <span class='ocrx_word' id='word_1_27' title='bbox 1084 1553 1322 1676; x_wconf 90' lang='lat' dir='ltr'>lucernis</span> <span class='ocrx_word' id='word_1_28' title='bbox 1355 1599 1501 1722; x_wconf 91' lang='lat' dir='ltr'>opus</span> <span class='ocrx_word' id='word_1_29' title='bbox 1525 1550 1703 1704; x_wconf 80' lang='lat' dir='ltr'>fisiffe,</span> <span class='ocrx_word' id='word_1_30' title='bbox 1746 1551 1956 1675; x_wconf 84' lang='lat' dir='ltr'>necesse</span> <span class='ocrx_word' id='word_1_31' title='bbox 1971 1555 2079 1674; x_wconf 86' lang='lat' dir='ltr'>estt</span> <span class='ocrx_word' id='word_1_32' title='bbox 2122 1585 2238 1682; x_wconf 62' lang='lat' dir='ltr'>ate·</span> 
     </span>
     <span class='ocr_line' id='line_1_7' title="bbox 553 1721 2203 1892; baseline -0.002 -46"><span class='ocrx_word' id='word_1_33' title='bbox 553 1735 557 1742; x_wconf 78' lang='grc'><strong>’</strong></span> <span class='ocrx_word' id='word_1_34' title='bbox 676 1771 791 1892; x_wconf 86' lang='lat' dir='ltr'>quc</span> <span class='ocrx_word' id='word_1_35' title='bbox 820 1727 949 1846; x_wconf 90' lang='lat' dir='ltr'>hinc</span> <span class='ocrx_word' id='word_1_36' title='bbox 980 1725 1037 1844; x_wconf 94' lang='lat' dir='ltr'>in</span> <span class='ocrx_word' id='word_1_37' title='bbox 1075 1721 1443 1848; x_wconf 87' lang='lat' dir='ltr'>marmoribus</span> <span class='ocrx_word' id='word_1_38' title='bbox 1487 1723 1940 1890; x_wconf 84' lang='lat' dir='ltr'>sepulchralibus,</span> <span class='ocrx_word' id='word_1_39' title='bbox 1983 1723 2055 1841; x_wconf 86' lang='lat' dir='ltr'>dc</span> <span class='ocrx_word' id='word_1_40' title='bbox 2084 1725 2203 1842; x_wconf 91' lang='lat' dir='ltr'>Lu·</span> 
     </span>
     <span class='ocr_line' id='line_1_8' title="bbox 673 1891 2204 2060; baseline -0.005 -45"><span class='ocrx_word' id='word_1_41' title='bbox 673 1895 853 2016; x_wconf 83' lang='lat' dir='ltr'>cernis</span> <span class='ocrx_word' id='word_1_42' title='bbox 887 1924 944 2014; x_wconf 88' lang='lat' dir='ltr'>et</span> <span class='ocrx_word' id='word_1_43' title='bbox 981 1893 1347 2056; x_wconf 87' lang='lat' dir='ltr'>Lychnuchis</span> <span class='ocrx_word' id='word_1_44' title='bbox 1374 1891 1669 2060; x_wconf 81' lang='lat' dir='ltr'>pensilibus</span> <span class='ocrx_word' id='word_1_45' title='bbox 1690 1892 1748 2011; x_wconf 91' lang='lat' dir='ltr'>in</span> <span class='ocrx_word' id='word_1_46' title='bbox 1779 1891 2079 2056; x_wconf 89' lang='lat' dir='ltr'>sepulchris</span> <span class='ocrx_word' id='word_1_47' title='bbox 2106 1937 2204 2057; x_wconf 83' lang='lat' dir='ltr'>po-</span> 
     </span>
     <span class='ocr_line' id='line_1_9' title="bbox 587 2057 2204 2214; baseline -0.007 -24"><span class='ocrx_word' id='word_1_48' title='bbox 587 2073 591 2081; x_wconf 75' lang='grc'><strong>’</strong></span> <span class='ocrx_word' id='word_1_49' title='bbox 679 2063 809 2214; x_wconf 85' lang='lat' dir='ltr'>fitis,</span> <span class='ocrx_word' id='word_1_50' title='bbox 838 2061 1179 2182; x_wconf 87' lang='lat' dir='ltr'>mentionem</span> <span class='ocrx_word' id='word_1_51' title='bbox 1198 2061 1478 2183; x_wconf 88' lang='lat' dir='ltr'>interdum</span> <span class='ocrx_word' id='word_1_52' title='bbox 1507 2057 1721 2182; x_wconf 71' lang='lat' dir='ltr'>fodiam</span> <span class='ocrx_word' id='word_1_53' title='bbox 1738 2058 2104 2180; x_wconf 87' lang='lat' dir='ltr'>invenimus²:</span> <span class='ocrx_word' id='word_1_54' title='bbox 2149 2091 2204 2179; x_wconf 86' lang='lat' dir='ltr'>et</span> 
     </span>
     <span class='ocr_line' id='line_1_10' title="bbox 682 2229 2205 2382; baseline -0.004 -28"><span class='ocrx_word' id='word_1_55' title='bbox 682 2233 992 2354; x_wconf 88' lang='lat' dir='ltr'>libertatem</span> <span class='ocrx_word' id='word_1_56' title='bbox 1021 2231 1189 2352; x_wconf 88' lang='lat' dir='ltr'>etiam</span> <span class='ocrx_word' id='word_1_57' title='bbox 1229 2230 1413 2382; x_wconf 89' lang='lat' dir='ltr'>servis,</span> <span class='ocrx_word' id='word_1_58' title='bbox 1458 2273 1525 2350; x_wconf 84' lang='lat' dir='ltr'>ca</span> <span class='ocrx_word' id='word_1_59' title='bbox 1561 2229 1882 2350; x_wconf 89' lang='lat' dir='ltr'>conditione</span> <span class='ocrx_word' id='word_1_60' title='bbox 1917 2231 2205 2377; x_wconf 86' lang='lat' dir='ltr'>donatam,</span> 
     </span>
     <span class='ocr_line' id='line_1_11' title="bbox 681 2399 2206 2564; baseline -0.004 -43"><span class='ocrx_word' id='word_1_61' title='bbox 681 2435 749 2521; x_wconf 91' lang='lat' dir='ltr'>ut</span> <span class='ocrx_word' id='word_1_62' title='bbox 775 2408 835 2522; x_wconf 88' lang='lat' dir='ltr'>in</span> <span class='ocrx_word' id='word_1_63' title='bbox 863 2433 1213 2552; x_wconf 76' lang='lat' dir='ltr'>monumento,</span> <span class='ocrx_word' id='word_1_64' title='bbox 1239 2400 1466 2521; x_wconf 75' lang='lat' dir='ltr'>alternis</span> <span class='ocrx_word' id='word_1_65' title='bbox 1492 2399 1766 2564; x_wconf 68' lang='lat' dir='ltr'>maistins,</span> <span class='ocrx_word' id='word_1_66' title='bbox 1818 2401 2094 2522; x_wconf 78' lang='lat' dir='ltr'>lucernam</span> <span class='ocrx_word' id='word_1_67' title='bbox 2113 2441 2206 2516; x_wconf 83' lang='lat' dir='ltr'>at·</span> 
     </span>
     <span class='ocr_line' id='line_1_12' title="bbox 679 2574 1008 2690; baseline -0.009 0"><span class='ocrx_word' id='word_1_68' title='bbox 679 2574 1008 2690; x_wconf 54' lang='lat' dir='ltr'>traderent&amp;</span> 
     </span>
    </p>

    <p class='ocr_par' dir='ltr' id='par_1_4' title="bbox 679 2731 2206 3242">
     <span class='ocr_line' id='line_1_13' title="bbox 766 2731 2206 2900; baseline -0.003 -44"><span class='ocrx_word' id='word_1_69' title='bbox 766 2741 861 2856; x_wconf 81' lang='lat' dir='ltr'>De</span> <span class='ocrx_word' id='word_1_70' title='bbox 904 2737 1178 2858; x_wconf 82' lang='lat' dir='ltr'>Lucernis</span> <span class='ocrx_word' id='word_1_71' title='bbox 1207 2737 1424 2890; x_wconf 84' lang='lat' dir='ltr'>nostris,</span> <span class='ocrx_word' id='word_1_72' title='bbox 1471 2736 1672 2888; x_wconf 86' lang='lat' dir='ltr'>Prima,</span> <span class='ocrx_word' id='word_1_73' title='bbox 1717 2735 1885 2858; x_wconf 90' lang='lat' dir='ltr'>nullis</span> <span class='ocrx_word' id='word_1_74' title='bbox 1906 2735 2033 2857; x_wconf 90' lang='lat' dir='ltr'>licet</span> <span class='ocrx_word' id='word_1_75' title='bbox 2062 2731 2206 2900; x_wconf 52' lang='lat' dir='ltr'>figua</span> 
     </span>
     <span class='ocr_line' id='line_1_14' title="bbox 682 2901 2206 3072; baseline -0.002 -48"><span class='ocrx_word' id='word_1_76' title='bbox 682 2903 755 3024; x_wconf 90' lang='lat' dir='ltr'>ris</span> <span class='ocrx_word' id='word_1_77' title='bbox 775 2937 876 3026; x_wconf 88' lang='lat' dir='ltr'>aut</span> <span class='ocrx_word' id='word_1_78' title='bbox 913 2907 1195 3072; x_wconf 86' lang='lat' dir='ltr'>sculptura</span> <span class='ocrx_word' id='word_1_79' title='bbox 1244 2937 1460 3057; x_wconf 87' lang='lat' dir='ltr'>ornata,</span> <span class='ocrx_word' id='word_1_80' title='bbox 1521 2905 1702 3028; x_wconf 87' lang='lat' dir='ltr'>forma</span> <span class='ocrx_word' id='word_1_81' title='bbox 1745 2938 1933 3027; x_wconf 83' lang='lat' dir='ltr'>tamen</span> <span class='ocrx_word' id='word_1_82' title='bbox 1969 2901 2206 3072; x_wconf 77' lang='lat' dir='ltr'>eleganti</span> 
     </span>
     <span class='ocr_line' id='line_1_15' title="bbox 679 3073 1867 3242; baseline 0 -48"><span class='ocrx_word' id='word_1_83' title='bbox 679 3103 740 3194; x_wconf 84' lang='lat' dir='ltr'>et</span> <span class='ocrx_word' id='word_1_84' title='bbox 767 3075 1029 3240; x_wconf 83' lang='lat' dir='ltr'>perbella,</span> <span class='ocrx_word' id='word_1_85' title='bbox 1072 3107 1245 3242; x_wconf 84' lang='lat' dir='ltr'>atque</span> <span class='ocrx_word' id='word_1_86' title='bbox 1272 3119 1346 3197; x_wconf 86' lang='lat' dir='ltr'>ex</span> <span class='ocrx_word' id='word_1_87' title='bbox 1374 3120 1483 3197; x_wconf 84' lang='lat' dir='ltr'>aere</span> <span class='ocrx_word' id='word_1_88' title='bbox 1511 3073 1751 3197; x_wconf 86' lang='lat' dir='ltr'>conflata</span> <span class='ocrx_word' id='word_1_89' title='bbox 1771 3075 1867 3196; x_wconf 88' lang='lat' dir='ltr'>est.</span> 
     </span>
    </p>
   </div>
   <div class='ocr_carea' id='block_1_3' title="bbox 1111 3435 1609 3560">
    <p class='ocr_par' dir='ltr' id='par_1_5' title="bbox 1111 3435 1609 3560">
     <span class='ocr_line' id='line_1_16' title="bbox 1111 3435 1609 3560; baseline 0 -4"><span class='ocrx_word' id='word_1_90' title='bbox 1111 3435 1442 3560; x_wconf 85' lang='lat' dir='ltr'>SECT.</span> <span class='ocrx_word' id='word_1_91' title='bbox 1532 3441 1609 3557; x_wconf 91' lang='lat' dir='ltr'>Il.</span> 
     </span>
    </p>
   </div>
   <div class='ocr_carea' id='block_1_4' title="bbox 793 3677 2210 4097">
    <p class='ocr_par' dir='ltr' id='par_1_6' title="bbox 793 3677 2210 4097">
     <span class='ocr_line' id='line_1_17' title="bbox 793 3677 2208 3926; baseline 0.001 -50"><span class='ocrx_word' id='word_1_92' title='bbox 793 3677 1049 3887; x_wconf 69' lang='lat' dir='ltr'>Ecundn</span> <span class='ocrx_word' id='word_1_93' title='bbox 1098 3727 1390 3926; x_wconf 86' lang='lat' dir='ltr'>Cupidinis</span> <span class='ocrx_word' id='word_1_94' title='bbox 1428 3759 1604 3883; x_wconf 91' lang='lat' dir='ltr'>Hirco</span> <span class='ocrx_word' id='word_1_95' title='bbox 1652 3761 1928 3882; x_wconf 78' lang='lat' dir='ltr'>insidentis</span> <span class='ocrx_word' id='word_1_96' title='bbox 1969 3757 2208 3924; x_wconf 82' lang='lat' dir='ltr'>effigiem</span> 
     </span>
     <span class='ocr_line' id='line_1_18' title="bbox 824 3927 2210 4097; baseline 0.001 -52"><span class='ocrx_word' id='word_1_97' title='bbox 824 3928 1087 4078; x_wconf 80' lang='lat' dir='ltr'>exhibet3</span> <span class='ocrx_word' id='word_1_98' title='bbox 1131 3931 1225 4094; x_wconf 89' lang='lat' dir='ltr'>cui</span> <span class='ocrx_word' id='word_1_99' title='bbox 1245 3931 1399 4050; x_wconf 87' lang='lat' dir='ltr'>haud</span> <span class='ocrx_word' id='word_1_100' title='bbox 1415 3931 1579 4050; x_wconf 85' lang='lat' dir='ltr'>aliam</span> <span class='ocrx_word' id='word_1_101' title='bbox 1595 3975 1849 4097; x_wconf 88' lang='lat' dir='ltr'>unquam</span> <span class='ocrx_word' id='word_1_102' title='bbox 1874 3927 2099 4050; x_wconf 85' lang='lat' dir='ltr'>fimilem</span> <span class='ocrx_word' id='word_1_103' title='bbox 2121 3969 2210 4046; x_wconf 92' lang='lat' dir='ltr'>me</span> 
     </span>
    </p>
   </div>
   <div class='ocr_carea' id='block_1_5' title="bbox 688 4091 2208 4270">
    <p class='ocr_par' dir='ltr' id='par_1_7' title="bbox 688 4091 2208 4270">
     <span class='ocr_line' id='line_1_19' title="bbox 688 4091 2208 4270; baseline 0.002 -59"><span class='ocrx_word' id='word_1_104' title='bbox 688 4091 874 4214; x_wconf 78' lang='lat' dir='ltr'>vidisse</span> <span class='ocrx_word' id='word_1_105' title='bbox 928 4095 1173 4219; x_wconf 86' lang='lat' dir='ltr'>memini.</span> <span class='ocrx_word' id='word_1_106' title='bbox 1290 4103 1359 4218; x_wconf 88' lang='lat' dir='ltr'>ln</span> <span class='ocrx_word' id='word_1_107' title='bbox 1407 4095 1640 4266; x_wconf 69' lang='lat' dir='ltr'>pidluris</span> <span class='ocrx_word' id='word_1_108' title='bbox 1704 4101 1964 4266; x_wconf 84' lang='lat' dir='ltr'>equidem</span> <span class='ocrx_word' id='word_1_109' title='bbox 2030 4096 2208 4270; x_wconf 87' lang='lat' dir='ltr'>sepul·</span> 
     </span>
    </p>
   </div>
   <div class='ocr_carea' id='block_1_6' title="bbox 685 4409 2210 5222">
    <p class='ocr_par' dir='ltr' id='par_1_8' title="bbox 751 4409 1781 4528">
     <span class='ocr_line' id='line_1_20' title="bbox 751 4409 1781 4528; baseline 0.006 -36"><span class='ocrx_word' id='word_1_110' title='bbox 751 4421 764 4455; x_wconf 90' lang='lat'><em>¹</em></span> <span class='ocrx_word' id='word_1_111' title='bbox 798 4409 964 4492; x_wconf 84' lang='lat' dir='ltr'>Fabrett.</span> <span class='ocrx_word' id='word_1_112' title='bbox 986 4437 1024 4519; x_wconf 89' lang='lat' dir='ltr'>p.</span> <span class='ocrx_word' id='word_1_113' title='bbox 1045 4413 1147 4522; x_wconf 84' lang='lat'>265,</span> <span class='ocrx_word' id='word_1_114' title='bbox 1165 4438 1265 4528; x_wconf 81' lang='lat'>293,</span> <span class='ocrx_word' id='word_1_115' title='bbox 1284 4414 1359 4494; x_wconf 82' lang='lat' dir='ltr'>doc.</span> <span class='ocrx_word' id='word_1_116' title='bbox 1380 4411 1423 4497; x_wconf 88' lang='lat' dir='ltr'>it.</span> <span class='ocrx_word' id='word_1_117' title='bbox 1445 4415 1596 4496; x_wconf 81' lang='lat' dir='ltr'>Gruter.</span> <span class='ocrx_word' id='word_1_118' title='bbox 1617 4413 1718 4523; x_wconf 82' lang='lat'>855.</span> <span class='ocrx_word' id='word_1_119' title='bbox 1742 4442 1781 4521; x_wconf 85' lang='lat'>3.</span> 
     </span>
    </p>

    <p class='ocr_par' dir='ltr' id='par_1_9' title="bbox 733 4531 1847 4646">
     <span class='ocr_line' id='line_1_21' title="bbox 733 4531 1847 4646; baseline 0.008 -37"><span class='ocrx_word' id='word_1_120' title='bbox 733 4549 767 4634; x_wconf 26' lang='lat'>¹²</span> <span class='ocrx_word' id='word_1_121' title='bbox 798 4531 1044 4616; x_wconf 89' lang='lat' dir='ltr'>Monument.</span> <span class='ocrx_word' id='word_1_122' title='bbox 1067 4533 1210 4615; x_wconf 88' lang='lat' dir='ltr'>Libert.</span> <span class='ocrx_word' id='word_1_123' title='bbox 1226 4560 1265 4641; x_wconf 91' lang='lat' dir='ltr'>p.</span> <span class='ocrx_word' id='word_1_124' title='bbox 1285 4563 1357 4644; x_wconf 79' lang='lat'>50,</span> <span class='ocrx_word' id='word_1_125' title='bbox 1383 4563 1455 4646; x_wconf 82' lang='lat'>5¹·</span> <span class='ocrx_word' id='word_1_126' title='bbox 1476 4535 1517 4616; x_wconf 92' lang='lat' dir='ltr'>it.</span> <span class='ocrx_word' id='word_1_127' title='bbox 1534 4539 1688 4618; x_wconf 86' lang='lat' dir='ltr'>Gruter.</span> <span class='ocrx_word' id='word_1_128' title='bbox 1720 4563 1847 4644; x_wconf 85' lang='lat'>1143.</span> 
     </span>
    </p>

    <p class='ocr_par' dir='ltr' id='par_1_10' title="bbox 685 4649 2210 5222">
     <span class='ocr_line' id='line_1_22' title="bbox 753 4649 2209 4764; baseline 0.001 -33"><span class='ocrx_word' id='word_1_129' title='bbox 753 4667 767 4715; x_wconf 80' lang='lat'><strong>³</strong></span> <span class='ocrx_word' id='word_1_130' title='bbox 799 4649 965 4735; x_wconf 86' lang='lat' dir='ltr'>Gutber.</span> <span class='ocrx_word' id='word_1_131' title='bbox 986 4654 1129 4762; x_wconf 83' lang='lat' dir='ltr'>deJur.</span> <span class='ocrx_word' id='word_1_132' title='bbox 1152 4656 1346 4737; x_wconf 84' lang='lat' dir='ltr'>Manium.</span> <span class='ocrx_word' id='word_1_133' title='bbox 1365 4655 1390 4738; x_wconf 92' lang='lat' dir='ltr'>l.</span> <span class='ocrx_word' id='word_1_134' title='bbox 1419 4685 1458 4741; x_wconf 86' lang='lat'>2.</span> <span class='ocrx_word' id='word_1_135' title='bbox 1478 4685 1511 4741; x_wconf 91' lang='lat' dir='ltr'>c.</span> <span class='ocrx_word' id='word_1_136' title='bbox 1528 4658 1580 4742; x_wconf 84' lang='lat' dir='ltr'>xi.</span> <span class='ocrx_word' id='word_1_137' title='bbox 1643 4656 1782 4740; x_wconf 85' lang='lat' dir='ltr'>Gotius</span> <span class='ocrx_word' id='word_1_138' title='bbox 1799 4656 2049 4756; x_wconf 71' lang='lat' dir='ltr'>Florentium,</span> <span class='ocrx_word' id='word_1_139' title='bbox 2084 4656 2150 4764; x_wconf 91' lang='lat' dir='ltr'>qui</span> <span class='ocrx_word' id='word_1_140' title='bbox 2164 4655 2209 4734; x_wconf 88' lang='lat' dir='ltr'>de</span> 
     </span>
     <span class='ocr_line' id='line_1_23' title="bbox 688 4773 2210 4887; baseline 0.004 -37"><span class='ocrx_word' id='word_1_141' title='bbox 688 4793 939 4856; x_wconf 86' lang='lat' dir='ltr'>monumento</span> <span class='ocrx_word' id='word_1_142' title='bbox 955 4773 1191 4858; x_wconf 75' lang='lat' dir='ltr'>Libertorum</span> <span class='ocrx_word' id='word_1_143' title='bbox 1203 4793 1241 4858; x_wconf 88' lang='lat' dir='ltr'>et</span> <span class='ocrx_word' id='word_1_144' title='bbox 1253 4775 1440 4877; x_wconf 79' lang='lat' dir='ltr'>seruorum</span> <span class='ocrx_word' id='word_1_145' title='bbox 1455 4781 1572 4861; x_wconf 72' lang='lat' dir='ltr'>Liviae</span> <span class='ocrx_word' id='word_1_146' title='bbox 1585 4779 1921 4887; x_wconf 79' lang='lat' dir='ltr'>Augustae,Romie</span> <span class='ocrx_word' id='word_1_147' title='bbox 1939 4777 2043 4860; x_wconf 80' lang='lat' dir='ltr'>haud</span> <span class='ocrx_word' id='word_1_148' title='bbox 2063 4777 2210 4858; x_wconf 86' lang='lat' dir='ltr'>dudum</span> 
     </span>
     <span class='ocr_line' id='line_1_24' title="bbox 688 4893 2210 5010; baseline 0.004 -40"><span class='ocrx_word' id='word_1_149' title='bbox 688 4912 848 4998; x_wconf 85' lang='lat' dir='ltr'>reperto,</span> <span class='ocrx_word' id='word_1_150' title='bbox 881 4893 1022 4976; x_wconf 89' lang='lat' dir='ltr'>librum</span> <span class='ocrx_word' id='word_1_151' title='bbox 1041 4899 1311 5008; x_wconf 85' lang='lat' dir='ltr'>perpulchrum</span> <span class='ocrx_word' id='word_1_152' title='bbox 1326 4901 1457 5004; x_wconf 88' lang='lat' dir='ltr'>edidit,</span> <span class='ocrx_word' id='word_1_153' title='bbox 1479 4901 1525 4982; x_wconf 88' lang='lat' dir='ltr'>ad</span> <span class='ocrx_word' id='word_1_154' title='bbox 1541 4901 1684 5010; x_wconf 81' lang='lat' dir='ltr'>singula</span> <span class='ocrx_word' id='word_1_155' title='bbox 1699 4899 1935 4985; x_wconf 89' lang='lat' dir='ltr'>monumenti</span> <span class='ocrx_word' id='word_1_156' title='bbox 1949 4901 2050 4980; x_wconf 85' lang='lat' dir='ltr'>istius</span> <span class='ocrx_word' id='word_1_157' title='bbox 2072 4897 2210 4980; x_wconf 80' lang='lat' dir='ltr'>Culum-</span> 
     </span>
     <span class='ocr_line' id='line_1_25' title="bbox 687 5009 2210 5216; baseline 0.009 -127"><span class='ocrx_word' id='word_1_158' title='bbox 687 5009 814 5216; x_wconf 58' lang='lat' dir='ltr'>dbaria,</span> <span class='ocrx_word' id='word_1_159' title='bbox 846 5015 1214 5128; x_wconf 85' lang='lat' dir='ltr'>Lucernasfingulat</span> <span class='ocrx_word' id='word_1_160' title='bbox 1242 5022 1334 5103; x_wconf 88' lang='lat' dir='ltr'>olim</span> <span class='ocrx_word' id='word_1_161' title='bbox 1350 5027 1523 5133; x_wconf 81' lang='lat' dir='ltr'>appensas</span> <span class='ocrx_word' id='word_1_162' title='bbox 1559 5024 1678 5124; x_wconf 81' lang='lat' dir='ltr'>fuisse,</span> <span class='ocrx_word' id='word_1_163' title='bbox 1710 5023 1812 5106; x_wconf 89' lang='lat' dir='ltr'>dicit.</span> <span class='ocrx_word' id='word_1_164' title='bbox 1846 5021 1933 5104; x_wconf 89' lang='lat' dir='ltr'>Vid.</span> <span class='ocrx_word' id='word_1_165' title='bbox 1964 5025 2210 5106; x_wconf 85' lang='lat' dir='ltr'>Monumeot.</span> 
     </span>
     <span class='ocr_line' id='line_1_26' title="bbox 685 5135 1445 5222; baseline -0.004 -2"><span class='ocrx_word' id='word_1_166' title='bbox 685 5136 780 5222; x_wconf 84' lang='lat' dir='ltr'>tid.</span> <span class='ocrx_word' id='word_1_167' title='bbox 892 5135 899 5146; x_wconf 82' lang='lat'>&#39;</span> <span class='ocrx_word' id='word_1_168' title='bbox 1440 5185 1445 5194; x_wconf 90' lang='lat'>·</span> 
     </span>
    </p>
   </div>
   <div class='ocr_carea' id='block_1_7' title="bbox 692 5278 2213 5400">
    <p class='ocr_par' dir='ltr' id='par_1_11' title="bbox 692 5278 2213 5400">
     <span class='ocr_line' id='line_1_27' title="bbox 692 5278 2213 5400; baseline 0.007 -14"><span class='ocrx_word' id='word_1_169' title='bbox 692 5311 725 5386; x_wconf 76' lang='lat' dir='ltr'>t</span> <span class='ocrx_word' id='word_1_170' title='bbox 808 5357 815 5368; x_wconf 85' lang='lat'>-</span> <span class='ocrx_word' id='word_1_171' title='bbox 1936 5278 2213 5400; x_wconf 88' lang='lat' dir='ltr'>chralibus</span> 
     </span>
    </p>
   </div>
   <div class='ocr_carea' id='block_1_8' title="bbox 0 0 2531 6724">
    <p class='ocr_par' dir='ltr' id='par_1_12' title="bbox 0 0 2531 6724">
     <span class='ocr_line' id='line_1_28' title="bbox 0 0 2531 6724; baseline 0 0"><span class='ocrx_word' id='word_1_172' title='bbox 0 0 2531 6724; x_wconf 95' lang='lat' dir='ltr'> </span> 
     </span>
    </p>
   </div>
  </div>
 </body>
</html>
