5008 6706
667 695 803 822 230
1053 649 1546 774 Tauuun
1633 643 1812 764 xm

662 857 878 1008 moniis,
919 857 1010 978 sed
1037 859 1305 1050 exemplis
1336 856 1674 1028 aspe&uque
1693 855 1826 1024 ipso,
1869 855 1974 978 hac
2002 853 2191 978 nostra

666 1062 801 1181 tate,
824 1027 1324 1193 Hermaphroditos
1352 1025 2016 1196 effecognovimus.1n
2035 1025 2192 1217 oppi-

665 1197 753 1320 dis
780 1242 931 1317 emm
954 1196 1151 1318 nostris
1194 1243 1266 1320 ex
1297 1198 1494 1322 Africa
1523 1240 1701 1363 nuper
1737 1193 2023 1316 hominem
2050 1193 2193 1316 vidi-

667 1412 815 1518 muS,
858 1367 955 1531 qui
1005 1368 1154 1534 figna
1206 1369 1494 1535 utriusque
1530 1367 1694 1488 sexus
1744 1363 1983 1532 propria,
2045 1359 2104 1484 in
2137 1364 2191 1484 se

669 1540 837 1704 plane
873 1580 996 1690 conj
987 1532 1176 1655 uncia
1212 1537 1444 1684 habuit3
1507 1536 1585 1658 ita
1621 1567 1832 1685 tamen,
1890 1565 1960 1656 ut
1995 1563 2192 1654 neuter

670 1751 742 1824 eo
768 1751 868 1826 um
894 1701 1199 1868 perfectus,
1243 1704 1334 1827 sed
1372 1751 1442 1827 eo
1469 1707 1688 1872 penitus
1725 1703 1898 1826 modo
1931 1699 2192 1824 confusus

669 1873 1009 2064 apparuerit,
1077 1918 1246 2040 quem
1295 1881 1366 1998 ab
1418 1875 1672 1997 Ausonio
1730 1869 2063 2040 descriptum
2114 1873 2191 1990 le-

669 2087 869 2208 grmus.

673 2301 959 2418 Concretas
970 2300 1131 2454 sexu,
1158 2301 1275 2457 sed
1290 2344 1395 2421 non
1410 2299 1765 2470 perfeii‘usu
1765 2325 1975 2462 troque3

671 2469 953 2634 Ambiguae
980 2475 1204 2614 veneris,
1248 2501 1437 2589 neutro
1453 2467 1746 2637 potiundus
1774 2469 1988 2585 artiori.

759 2725 1007 2842 Gemma
1038 2722 1222 2842 nostra
1256 2767 1330 2842 ex
1373 2767 1441 2842 eo
1479 2725 1789 2917 Onychum
1832 2715 2195 2842 Arabicarum

670 2935 871 3062 genere
899 2891 1005 3010 effe
1032 2891 1268 3042 videtur,
1309 2936 1446 3056 quas
1475 2893 1685 3014 Plinius
1711 2896 1899 3057 nigras
1919 2887 2022 3009 effe
2043 2883 2193 3035 dicit,

672 3063 915 3181 canticis
943 3063 1142 3180 zonis&
1233 3062 1500 3252 Quasque
1523 3061 1649 3183 Itali
1678 3059 1846 3180 hodie
1874 3057 2114 3180 Nicolos
2141 3083 2196 3174 et

675 3235 919 3349 Cameos
946 3265 1167 3350 vocam.
1257 3231 1489 3398 Qrippe
1516 3230 1653 3398 lapis
1686 3229 1895 3393 ipse
1838 3271 2013 3396 nrger,
2053 3267 2193 3346 vena

674 3397 915 3586 quadam
942 3400 1189 3525 candida
1235 3399 1386 3563 quast
1437 3443 1583 3520 zona
1623 3395 1844 3520 cinctus
1881 3395 1982 3547 est,
2026 3437 2194 3558 equa

676 3565 943 3734 imagines
965 3565 1093 3732 ipsae
1116 3568 1416 3734 exsculptae
1450 3567 1785 3738 finguntur³.

677 3910 753 3984 40,
773 3907 844 3984 41.
909 3881 1321 3990 Hermaphroditorum
1342 3907 1492 3992 quoque
1522 3880 1700 3992 imagines
1721 3880 1761 3962 in
1792 3877 1968 3962 Gemmis
1986 3875 2194 3984 insculptas,

677 4003 714 4083 in
737 3999 811 4082 alio
830 4003 996 4110 ejusdem
1015 4001 1142 4085 Musei
1163 4007 1356 4088 volumine
1371 4004 1496 4086 videre
1515 4005 1614 4087 licet.
1635 4003 1736 4086 Tab.
1758 4003 1828 4086 82.
1861 4004 1952 4086 item
1965 3999 2062 4082 inter
2075 4001 2196 4082 Gem-

678 4153 759 4208 mas
776 4155 798 4206 a
815 4125 1020 4206 Dominico
1036 4127 1141 4208 Roffi
1162 4131 1340 4211 Romano
1353 4127 1484 4227 editas,
1516 4127 1593 4208 Vol
1611 4155 1650 4239 3
1667 4127 1768 4210 Tab.
1788 4151 1829 4210 rr.

742 4250 918 4358 ¹Epigr.
947 4276 1044 4334 roo.

742 4373 892 4455 ²Hist.
910 4373 1005 4454 Nat.
1023 4401 1093 4485 37.
1118 4379 1159 4456 6.

742 4493 757 4542 ³
790 4493 834 4574 In
851 4496 1011 4604 gemmis
1050 4493 1163 4594 hisce,
1196 4497 1332 4606 quibus
1354 4495 1463 4578 strata
1484 4493 1547 4578 seu
1566 4521 1669 4580 vena
1701 4493 1851 4577 diversis
1879 4491 2065 4574 coloribus
2079 4507 2195 4591 erant,

681 4617 756 4702 hoe
775 4617 938 4725 antiquis
956 4617 1232 4702 unutiffimum
1253 4617 1324 4700 effe
1339 4619 1600 4730 cognovimus,
1632 4637 1676 4700 ut
1697 4617 1851 4700 stratum
1884 4616 2013 4726 lapidis
2034 4615 2195 4724 nigrum,

681 4739 792 4818 fundi
806 4739 880 4820 five
900 4740 1028 4821 radicis
1048 4741 1133 4823 loco
1162 4744 1393 4852 usurparent,
1425 4744 1517 4826 etin
1533 4771 1626 4826 vena
1646 4741 1779 4824 deinde
1799 4741 1954 4822 candida
1969 4739 2105 4847 figuras
2120 4738 2196 4844 ple·

681 4888 844 4968 rumque
859 4863 1031 4964 totidem,
1063 4885 1157 4972 quot
1176 4865 1378 4948 commode
1400 4867 1569 4977 excipere
1589 4885 1748 4976 poterat,
1781 4865 1945 4946 calando
1960 4863 2196 4969 effingerent:

681 4985 733 5066 ita
751 5003 795 5065 ut
809 5009 903 5092 opus
920 4985 1057 5095 ipsum,
1089 5013 1111 5068 e
1149 4991 1254 5099 nigro
1274 4989 1478 5072 candidum
1508 4990 1721 5102 exsurgens,
1753 4987 1977 5070 eminentius
1991 4977 2198 5094 pulchrius-

680 5133 755 5217 que
768 5109 819 5191 ob
833 5109 1005 5192 colorum
1019 5111 1250 5217 varietatem,
1271 5131 1472 5226 appareret.

1895 5269 2199 5416 SECT.
