5042 6724
487 673 492 682 '
600 649 1111 776 'TABULA
1185 657 1356 776 VIII,
1698 700 1862 818 uoq,

343 860 641 1014 chralibus,
688 863 1012 1028 CupidineS,
1038 863 1315 983 Geniosve
1337 867 1532 1014 alatoS,
1576 909 1704 986 cum
1729 865 1868 986 Hir·
1943 899 1947 906 ·

342 1034 420 1152 cis
441 1034 546 1152 sese
568 1064 889 1152 exercentes
916 1032 1278 1196 ludentesque
1314 1033 1708 1184 animadverti,
1756 1079 1861 1198 pu·
2000 1175 2012 1200 κ

343 1243 679 1365 erorumque
708 1201 860 1358 lusus
896 1199 1097 1360 varim,
1159 1201 1217 1318 in
1254 1200 1553 1366 sepulchris
1586 1234 1861 1350 veterum,

341 1401 399 1490 et
453 1371 738 1490 coloribus
773 1366 973 1534 pistor,
1011 1397 1128 1487 ete
1168 1413 1442 1490 marmore
1484 1367 1648 1490 fibros
1694 1369 1808 1488 vidi
1826 1386 1863 1488 ¹.

340 1532 570 1659 Tamen
597 1537 733 1704 quid
751 1535 1047 1658 istiusmodi
1065 1536 1333 1702 figmenta
1350 1536 1446 1658 fibi
1460 1535 1657 1688 velint,
1701 1537 1869 1702 quid-

339 1751 410 1825 ve
438 1708 600 1828 nobis
625 1706 888 1856 indicent,
931 1705 1069 1826 mihi
1098 1707 1223 1826 sane
1260 1750 1614 1872 nequaquam
1651 1706 1868 1870 liquet:

342 1919 587 2040 quorum
633 1880 896 2042 pleraque
943 1873 1164 1996 fortaffe
1211 1875 1425 1996 nonnisr
1471 1875 1579 1996 loci
1627 1875 1866 1996 ornandi

283 2055 286 2068 '
342 2041 523 2194 causa,
610 2085 713 2209 pro
766 2041 988 2164 artificis
1042 2043 1270 2164 arbitrio
1325 2042 1644 2209 excogitata
1686 2075 1866 2166 erant.

346 2215 498 2330 Cum
521 2255 656 2331 vero
676 2211 931 2341 Hirrum,
974 2213 1127 2377 apud
1151 2249 1347 2332 omnes
1368 2211 1482 2332 fere
1509 2247 1720 2380 gentes,
1741 2247 1871 2332 tan·

343 2425 519 2545 quam
546 2381 780 2502 lasciviae
824 2426 891 2502 ac
934 2378 1177 2502 libidinis
1211 2381 1548 2544 symbolum,
1609 2381 1868 2504 habitum

342 2549 448 2670 effe
475 2551 708 2700 constet,
753 2553 907 2670 haud
950 2550 1079 2702 scie,
1123 2595 1197 2670 an
1226 2553 1333 2672 hac
1364 2549 1658 2716 Cupidinis
1688 2550 1872 2671 Hirco

344 2715 623 2840 insidentis
639 2719 880 2884 imagine
896 2719 1318 2869 admoneamur,
1362 2763 1458 2841 eos
1475 2718 1728 2840 videlicet
1745 2763 1872 2840 om·
1989 2841 1991 2844 ,

342 2927 457 3014 nes,
496 2888 592 3052 qui
622 2891 824 3010 amoris
842 2886 1023 3008 lascivi
1050 2905 1116 3008 ac'
1137 2886 1406 3008 libidinofi
1432 2887 1673 3052 impulsu
1694 2930 1873 3050 agan·

344 3085 458 3208 tur,
501 3057 574 3177 ad
601 3087 836 3180 mortem
864 3055 1220 3178 immaturam
1246 3055 1554 3224 praecipites
1591 3056 1739 3178 ferri.

837 3423 971 3538 SE
1017 3417 1174 3540 CT.
1263 3421 1372 3539 ΙΙΙ.

540 3726 716 3878 Ertia,
772 3726 1050 3893 Cupreffis
1099 3726 1230 3846 hinc
1280 3756 1338 3846 et
1387 3723 1515 3846 inde
1551 3725 1874 3894 exsculptis,

550 3896 810 4016 decorata
831 3897 946 4041 est3
994 3938 1132 4061 quas
1160 3895 1218 4016 in
1246 3891 1363 4012 aliis
1406 3893 1538 4018 item
1576 3897 1873 4048 Lucernis,

344 4064 571 4230 perinde
592 4107 658 4184 ac
684 4061 831 4182 ollis
852 4053 1304 4232 sarcophagisque
1335 4052 1534 4196 eodeni
1575 4057 1720 4229 saepe
1752 4107 1873 4200 mo·
2025 4101 2031 4114 ·

343 4236 420 4354 do
440 4227 713 4398 expreffas
747 4231 856 4352 effe
884 4233 1022 4383 dixi,
1066 4277 1181 4400 quo
1217 4230 1357 4352 ritus
1378 4277 1382 4286 ·
1401 4228 1604 4352 scilicet
1639 4233 1758 4382 iste,
1780 4233 1875 4351 su-

343 4445 443 4568 pra
464 4432 826 4556 memoratus,
868 4406 1122 4524 arborem
1150 4445 1274 4521 eam
1301 4403 1375 4521 ad
1401 4430 1754 4522 mortuorum
1783 4401 1875 4519 fo-

246 4690 249 4698 ,
345 4615 430 4692 res
458 4570 701 4738 ponendi
717 4567 1040 4694 'indicetur².

412 4779 427 4814 ¹
457 4769 742 4881 Vid..8ep01ch.
759 4769 905 4854 Nason.
927 4769 1102 4880 Append.
1122 4767 1223 4852 Tab.
1243 4797 1283 4879 3.
1303 4767 1345 4852 it.
1364 4764 1482 4870 orlaa,
1515 4763 1875 4885 sarcophagosques

348 4893 536 4978 Boiffardo
554 4914 593 4974 et
608 4893 900 4992 Montfauconio
919 4894 1183 4974 delineatos-
1315 4993 1320 5004 ¹
1506 4896 1511 4903 ’

410 5021 428 5057 ²
459 5015 549 5100 Vid.
568 5017 731 5099 Lucem.
751 5015 911 5100 Antich.
930 5019 1008 5100 Da.
1029 5014 1072 5098 P.
1090 5010 1245 5100 Barroli.
1259 5014 1343 5096 Par.
1373 5039 1411 5096 1.
1429 5011 1529 5095 Tab.
1545 5011 1603 5111 xi,
1625 5041 1697 5122 13.
1714 5013 1743 5092 ir
1768 5009 1876 5092 sou-

347 5105 717 5224 nretuomriuc.
1768 5229 1772 5238 ,

1546 5251 1682 5411 xSE
1712 5251 1763 5366 C
1791 5245 1876 5368 Τ.
1980 5409 1986 5416 .
