1377 1756
369 189 471 227 34!
623 186 859 218 TABUDA
894 186 949 217 1v.

387 250 432 272 tas
465 240 679 271 animadverti¹:
702 251 823 282 quarum
844 252 914 279 una,
936 240 995 289 pari
1019 240 1077 271 fere
1098 241 1154 272 for-

386 294 435 314 ma
448 294 482 313 ac
483 282 698 331 magnitudine,
712 290 796 324 atque
807 284 835 313 in
845 294 918 313 urna
925 283 1010 314 etiam
1020 282 1118 314 fiffili
1112 295 1153 314 in-

389 325 510 360 clusa,1n
520 333 704 356 monumento
711 325 890 356 Libertorum
902 325 992 355 Liviae
1003 326 1152 373 Augustae,

390 368 493 398 Romae
507 368 584 401 haud
598 368 709 397 dudum
722 375 831 409 reperta
844 367 916 397 fuit·
908 380 918 405 ;
941 368 1021 406 cujus
1040 367 1153 409 quidem

389 409 521 457 figuram,
547 409 589 439 vir
607 409 742 447 eruditus,
757 411 856 440 Franc.
874 409 990 447 Gorius,
1012 409 1040 440 in
1052 421 1154 440 monu-

391 452 477 482 menti
491 451 568 482 istius
586 451 776 493 descriptione,
798 452 965 482 delineatam
973 452 1085 482 edidit²:
1107 452 1154 482 sed
1170 472 1174 475 x

390 495 500 524 nullam
511 494 630 535 prorsus,
653 494 767 535 perinde
777 505 809 524 ac
819 494 952 532 nostram,
972 493 1057 541 piffis
1065 494 1155 524 homi-

389 547 462 567 num
491 536 663 578 imaginibus,
694 536 886 578 coloribusque
903 547 993 566 aureis
1016 544 1154 574 ornatam,

392 579 438 608 vel
452 578 507 619 ipse
532 589 659 626 unquam
672 578 741 617 vidi,
762 579 807 609 vel
821 579 857 609 ab
882 578 939 610 alio
960 578 1059 621 quovis
1069 578 1155 608 visam

391 620 456 658 effe,
478 620 581 652 audivi.

425 698 495 719 ·Vid.
504 699 570 726 Beger.
582 698 675 720 'thesaur
685 699 779 720 Brandeb.
789 698 849 719 Tom.
862 705 881 726 3.
890 705 909 726 p.
918 705 970 727 470.

426 729 533 750 ’Vin-eum
541 729 644 757 Vasculum,
660 729 741 755 Diatou',
757 730 793 750 five
807 736 853 750 curn
862 729 935 750 dualms
944 729 999 755 anfis,
1014 728 1155 756 operculum-

395 759 459 781 nitum
467 759 591 781 exhibemus:
608 760 659 787 quod
667 760 710 781 sane
716 760 822 788 perelegans
828 760 862 786 est,
878 759 975 781 altitudine
982 759 1037 780 unius
1046 759 1105 787 palmi
1114 759 1155 780 Ro-

393 790 455 815 mani,
471 790 523 818 quod
533 790 614 812 infiffifi
623 790 661 811 olla
671 790 764 812 inciusum
773 795 819 813 erat.
860 790 905 812 Vid
914 790 997 812 Gonum
1004 790 1050 811 ibid
1059 790 1109 812 Tab.
1121 797 1154 819 ¹7-

392 827 464 849 {249

1029 1325 1032 1328 ⁴
1058 1312 1159 1364 '’T-X-
