5212 6732
866 675 1496 804 TABULAIL
1918 725 1960 840 9

440 891 714 1055 sumentes
741 887 1053 1010 cemimus¹.
1142 887 1254 1006 Ubi
1281 890 1501 1009 arbores
1530 885 1664 1010 item
1706 931 1823 1012 rem
1860 935 1960 1012 ex-

437 1091 526 1182 tra
546 1063 762 1210 urbem,
804 1101 870 1178 ac
895 1100 1069 1176 verno
1084 1055 1430 1218 ¹potissimum
1452 1071 1701 1224 tempore
1722 1060 1834 1225 agi,
1862 1062 1959 1180 de·

437 1231 683 1358 clarant·
754 1223 1217 1414 Caputqueistud
1235 1225 1504 1412 juverrile',
1548 1229 1747 1388 quode
1774 1229 1961 1395 super·

435 1393 948 1714 mititte
964 1396 1488 1714 eutitium
1501 1391 1956 1728 fii-‘iiiiii

434 1729 738 1896 conspeim
787 1730 892 1850 sese
932 1725 1326 1848 obleimntem.
1414 1729 1524 1846 sed
1552 1731 1733 1850 nodus
1770 1734 1961 1853 adhuc

433 1900 662 2064 quidam
689 1896 900 2047 restat,
957 1893 1161 2060 quippe
1188 1895 1436 2014 virorum
1490 1897 1649 2016 alteri
1691 1929 1961 2064 tempora,
2071 1919 2078 1930 “

433 2067 577 2188 vitta
619 2067 712 2186 seu
747 2065 1059 2187 diademate
1082 2057 1269 2182 unua
1309 2096 1617 2228 apparent·
1639 2067 1792 2231 quod
1833 2070 1962 2235 qui·

434 2233 564 2356 dem
621 2237 881 2354 Deorum
936 2231 1298 2358 solummodo,
1359 2236 1786 2397 Imperatorum,
1838 2241 1961 2358 Re.

433 2446 645 2570 gumve
672 2401 809 2524 olim
836 2399 1042 2568 insigne
1067 2396 1224 2520 fuiffe
1239 2399 1619 2567 cognovimus.
1705 2409 1794 2526 At
1819 2449 1960 2528 vero

314 2655 317 2664 ·
433 2569 492 2690 in
520 2569 668 2692 festis
698 2567 1013 2726 hujusmodi
1039 2564 1368 2734 genialibuS,
1408 2613 1536 2734 quae
1563 2599 1703 2736 potu
1731 2575 1959 2739 praeser-

434 2739 536 2862 tim
580 2773 748 2905 atque
803 2735 957 2858 omni
1011 2735 1301 2890 hilaritatis
1342 2780 1543 2904 genere
1580 2739 1960 2896 sumebantur,

328 2971 341 2994 ,.
432 2907 627 3072 quidni
671 2950 803 3026 cum
831 2903 980 3026 sertis
1005 2901 1319 3067 florumque
1360 2903 1595 3032 cor‘onis,
1640 2903 1824 3028 fascias
1853 2911 1961 3029 eti-

432 3115 526 3196 am
554 3073 711 3196 hasce
737 3103 838 3195 aut
863 3071 1175 3192 diademata
1196 3115 1299 3235 pro
1327 3070 1508 3222 libitu,
1551 3117 1618 3193 ac
1635 3119 1733 3240 per
1754 3078 1956 3198 ludum·

420 3242 726 3408 jocumque
754 3239 894 3362 sumi
924 3239 1094 3359 solere
1146 3239 1475 3362 credamus?
1518 3245 1544 3360 1
1551 3241 1675 3362 stud
1698 3288 1832 3366 vero
1858 3279 1958 3368 ut-

431 3455 655 3577 cunque
674 3407 861 3559 fuerit,
905 3409 1013 3528 hoc
1029 3406 1221 3528 saltem
1236 3407 1588 3530 certiffimum
1606 3411 1706 3562 est,
1750 3411 1808 3532 in
1835 3414 1958 3579 pic··

495 3643 510 3680 ¹
543 3631 704 3728 Omnes,
735 3627 803 3738 qui
818 3626 895 3708 dier
908 3623 1019 3706 festos
1034 3638 1168 3731 agunt,
1198 3619 1415 3730 poculisque
1435 3622 1713 3732 operamdaut,
1738 3627 1874 3710 eudem
1889 3629 1957 3712 fe-

431 3749 659 3836 rehabitura
678 3751 800 3832 Poetis
821 3747 1142 3830 describuntur-

968 3879 1160 3977 potarem
1181 3867 1359 3976 spargere
1373 3865 1494 3976 storea

492 3993 674 4105 Incipiam
723 4035 847 4058 -··
1027 4031 1152 4052 --
1268 4031 1414 4106 Ι--,
1557 3989 1666 4074 Hor..
1691 3991 1766 4104 Ep.
1795 3993 1822 4076 i
1853 4023 1888 4081 1.
1907 4023 1955 4107 ς,

431 4117 507 4202 Sed
531 4115 639 4202 varii
655 4117 785 4228 flores,
818 4129 858 4196 et
867 4109 986 4224 frons
1002 4106 1177 4192 redimita
1191 4107 1381 4216 corymbis,

492 4241 589 4347 Fusa
615 4238 683 4348 sed
698 4237 750 4320 ad
775 4252 912 4319 teneros
932 4230 1142 4342 luteapalia
1149 4229 1268 4341 pedes.
1496 4290 1497 4293 a
1693 4235 1826 4320 Tibul„
1849 4265 1884 4320 1.
1905 4267 1956 4350 7..

432 4361 599 4446 Bacchus
616 4375 719 4444 amat
733 4359 870 4468 stores,
902 4353 1050 4440 Baccho
1066 4353 1246 4466 plauuiffl·
1265 4381 1450 4458 coronam,

492 4477 896 4583 Exmimnaoſsdere
911 4474 999 4588 ruffi²
1021 4493 1134 4588 poter.
1558 4479 1634 4558 Or.
1654 4475 1762 4558 Fau..
1780 4505 1818 4585 5.
1843 4507 1953 4588 3390.

432 4607 573 4715 Neque
585 4631 738 4688 coronas
753 4603 835 4685 istas
851 4601 955 4682 dumi
968 4619 1118 4682 tantum
1133 4616 1246 4716 atque
1259 4595 1355 4677 inter
1367 4595 1574 4705 potandum
1590 4597 1867 4706 gestarisolitas,
1884 4602 1955 4684 feti

432 4749 628 4814 coronatos
641 4726 758 4810 etiam
773 4721 894 4806 ebrios
913 4719 1081 4830 prodiisse
1100 4738 1214 4828 arque
1232 4717 1272 4798 in
1290 4717 1420 4829 plateis
1440 4721 1606 4801 uersatus
1619 4717 1692 4802 effe
1711 4721 1891 4830 legimus..

787 4841 903 4955 Quid,
932 4859 989 4944 tu,
1011 4869 1073 4950 ego
1093 4837 1234 4920 video?

691 4967 770 5055 Psi
792 4971 883 5052 Cum
893 4991 1025 5049 corma
1043 4961 1181 5046 ebrium
1200 4958 1410 5073 Pseudolum
1429 4967 1542 5046 tuum

1466 5083 1739 5171 PlautPseud.
1754 5089 1825 5171 aa
1846 5113 1884 5197 ς.
1905 5108 1953 5173 2.

1231 5197 1289 5324 B
1675 5217 1677 5222 ’
1806 5207 1953 5324 turia
