5008 6720
699 747 818 862 170
1076 695 1598 872 TABULA
1683 697 1827 817 XV.

693 922 734 984 ιι
778 905 997 1199 &dieii
1032 913 1129 1044 est,
1171 917 1443 1082 poculum
1492 914 1727 1078 planum
1769 954 1834 1032 ac
1871 941 2064 1078 patens
2090 911 2214 1066 effe,

605 1153 608 1159 ‚
693 1091 735 1152 “
819 1079 955 1202 ieie.
1156 1143 1160 1150 .
1883 1101 1889 1110 ’
2012 1103 2017 1108 ’

694 1340 819 1457 Hic
840 1339 1030 1500 regina
1066 1379 1294 1504 gravem
1312 1336 1537 1502 gematis
1565 1377 1804 1504 auroque
1827 1339 2059 1504 poposcit
2243 1383 2252 1390 ·

693 1505 1042 1672 Impkvitque
1081 1551 1226 1626 mero
1240 1535 1501 1674 pateram
1600 1593 1607 1606 ·
2134 1628 2139 1640 ,
2214 1639 2220 1648 ,

1374 1673 1478 1794 llle
1523 1677 1751 1844 impiger
1774 1673 1950 1838 hauſst

695 1853 1042 2012 Spumantem
1061 1871 1315 2012 pateram
1341 1874 1395 1964 et
1410 1841 1571 2008 pleno
1592 1839 1889 2008 sepreluit
1907 1862 2091 1982 aur0².
2226 1836 2232 1844 ’

696 2103 790 2218 Ex
818 2096 923 2248 his,
964 2097 1192 2262 aliisque
1212 2119 1468 2216 veterum
1488 2093 1813 2218 testimoniis
1832 2089 2075 2266 apparet,
2120 2135 2220 2265 paa

697 2299 861 2417 term,
890 2267 1133 2389 Vascula
1162 2265 1421 2432 quadam
1447 2308 1694 2388 concava
1715 2297 1772 2387 et
1792 2265 2012 2434 capacia
2039 2254 2221 2420 fuitse,

698 2435 902 2601 quibus
929 2436 1124 2557 vinum
1151 2439 1244 2556 vel
1270 2433 1329 2553 in
1350 2434 1621 2556 conviviis
1639 2435 1863 2603 largiter
1881 2431 2087 2598 bibere,
2127 2437 2223 2554 vel

700 2603 758 2724 in
788 2602 1054 2726 sacrificiis
1096 2601 1220 2729 Diis
1265 2603 1451 2731 libare,
1471 2605 1585 2726 ·vel
1629 2601 1687 2726 in
1735 2597 1948 2725 cornua
1969 2599 2229 2724 'v'id'timae'

698 2773 953 2926 fundere,
996 2778 1087 2894 vel
1130 2773 1454 2942 sanguinem
1498 2771 1617 2928 ejus
1666 2767 1920 2942 excipere
1946 2771 2181 2894 solerent
2198 2815 2234 2924 ;·

699 2944 772 3065 nd
801 2987 930 3106 quae
958 2943 1186 3108 quidem
1214 2983 1462 3096 munera,
1502 2947 1604 3064 has
1652 2933 1864 3064 nostras
1894 2943 2121 3110 figurat,
2149 2943 2236 3062 ob'

693 3112 1040 3276 superficiem
1084 3113 1311 3301 planam
1352 3141 1520 3278 atque
1563 3110 2237 3280 aequabilem,inhabi1es.

701 3279 933 3428 omnino
961 3313 1133 3446 atque
1156 3281 1381 3400 mutiles
1410 3276 1536 3432 effe,
1580 3285 1670 3401 vei
1686 3281 1867 3449 primo
1895 3274 2103 3402 intuitu
2130 3281 2225 3398 de·

703 3452 908 3568 clamne
934 3449 1080 3570 licet.
1167 3455 1254 3569 At
1280 3489 1415 3567 vero
1435 3460 1757 3620 germanam
1796 3481 2115 3617 paterarum
2142 3443 2224 3568 'ef-

704 3617 909 3784 figiem
955 3617 1012 3736 in
1050 3615 1349 3780 'sculpturis
1394 3617 1918 3788 numismatibusque
1964 3617 2230 3786 antiquie,

704 3787 763 3906 in
791 3787 997 3952 quibus
1025 3785 1348 3908 sacrificium
1374 3787 1604 3956 aliquod
1631 3791 1854 3910 solenne
1889 3775 2227 3950 destribitur,
2252 3823 2273 3916 ζ,

707 3955 764 4073 in
782 3953 1140 4100 ⁴sacrificantis
1160 3953 1333 4121 usque
1363 3993 1537 4078 manu
1565 3957 1878 4110 cernimu83
1923 3938 2227 4076 rotundam

706 4123 923 4274 scilicet,
968 4157 1024 4244 et
1051 4167 1374 4276 concavam,
1416 4167 1598 4292 neque
1625 4127 1754 4248 ansa
1770 4127 1890 4264 ulla
1911 4157 2010 4250 aut
2025 4165 2232 4248 manu-

708 4291 832 4413 brio
864 4291 1191 4414 instrudiam
1207 4313 1241 4412 ³.

897 4952 1108 5060 Excipiunt
1120 4957 1267 5066 pateris
1385 5003 1510 5024 --
1691 4958 1783 5040 ibid.
1813 4947 1833 4998 '¹

775 5089 788 5144 3
820 5069 910 5156 vid.
933 5077 1110 5158 Column.
1130 5079 1282 5186 Trajan.
1300 5079 1408 5168 Tab..
1421 5089 1501 5198 67,
1514 5111 1592 5199 74,
1604 5081 1678 5198 78.
1692 5083 1734 5168 it.
1753 5083 1819 5164 Du
1837 5077 1977 5167 cheul.
1993 5081 2116 5192 Relig.
2137 5013 2229 5164 Vet.

1346 5201 1356 5218 Ι

713 5197 829 5282 Rom.
846 5223 883 5306 p.
909 5203 1100 5310 96„135,
1120 5203 1196 5286 &e

1016 5359 1041 5436 1
1457 5425 1460 5434 ,
2116 5325 2231 5440 lta·

2460 2701 2462 2780 ἱ
