<?xml version="1.0" encoding="UTF-8"?>
<!DOCTYPE html PUBLIC "-//W3C//DTD XHTML 1.0 Transitional//EN"
    "http://www.w3.org/TR/xhtml1/DTD/xhtml1-transitional.dtd">
<html xmlns="http://www.w3.org/1999/xhtml" xml:lang="en" lang="en">
 <head>
  <title>
</title>
<meta http-equiv="Content-Type" content="text/html;charset=utf-8" />
  <meta name='ocr-system' content='tesseract 3.04.00' />
  <meta name='ocr-capabilities' content='ocr_page ocr_carea ocr_par ocr_line ocrx_word'/>
</head>
<body>
  <div class='ocr_page' id='page_1' title='image "./germanaquaedama00middgoog_0018.png"; bbox 0 0 5212 6732; ppageno 0'>
   <div class='ocr_carea' id='block_1_1' title="bbox 1084 683 1722 820">
    <p class='ocr_par' dir='ltr' id='par_1_1' title="bbox 1084 683 1722 820">
     <span class='ocr_line' id='line_1_1' title="bbox 1084 683 1722 820; baseline 0.002 -22"><span class='ocrx_word' id='word_1_1' title='bbox 1084 683 1722 820; x_wconf 88' lang='lat' dir='ltr'>INDEX.</span> 
     </span>
    </p>
   </div>
   <div class='ocr_carea' id='block_1_2' title="bbox 433 863 2163 2662">
    <p class='ocr_par' dir='ltr' id='par_1_2' title="bbox 618 863 2154 1018">
     <span class='ocr_line' id='line_1_2' title="bbox 618 863 2154 1018; baseline -0.004 -33"><span class='ocrx_word' id='word_1_2' title='bbox 618 873 922 1018; x_wconf 73' lang='lat' dir='ltr'>imaguncula</span> <span class='ocrx_word' id='word_1_3' title='bbox 945 882 1044 980; x_wconf 83' lang='lat' dir='ltr'>duae</span> <span class='ocrx_word' id='word_1_4' title='bbox 1085 883 1295 1016; x_wconf 74' lang='lat' dir='ltr'>antique,</span> <span class='ocrx_word' id='word_1_5' title='bbox 1332 881 1382 978; x_wconf 90' lang='lat' dir='ltr'>in</span> <span class='ocrx_word' id='word_1_6' title='bbox 1401 880 1515 978; x_wconf 88' lang='lat' dir='ltr'>vitro</span> <span class='ocrx_word' id='word_1_7' title='bbox 1536 863 1675 1014; x_wconf 73' lang='lat' dir='ltr'>pislae.</span> <span class='ocrx_word' id='word_1_8' title='bbox 1748 881 1838 980; x_wconf 91' lang='lat' dir='ltr'>Ubi</span> <span class='ocrx_word' id='word_1_9' title='bbox 1856 879 1914 979; x_wconf 86' lang='lat' dir='ltr'>de</span> <span class='ocrx_word' id='word_1_10' title='bbox 1936 885 2039 980; x_wconf 87' lang='lat' dir='ltr'>vitri</span> <span class='ocrx_word' id='word_1_11' title='bbox 2062 887 2154 982; x_wconf 86' lang='lat' dir='ltr'>ori-</span> 
     </span>
    </p>

    <p class='ocr_par' dir='ltr' id='par_1_3' title="bbox 576 1013 2154 1158">
     <span class='ocr_line' id='line_1_3' title="bbox 576 1013 2154 1158; baseline -0.003 -38"><span class='ocrx_word' id='word_1_12' title='bbox 576 1054 579 1060; x_wconf 84' lang='grc'><strong>’</strong></span> <span class='ocrx_word' id='word_1_13' title='bbox 619 1029 725 1158; x_wconf 83' lang='lat' dir='ltr'>gine</span> <span class='ocrx_word' id='word_1_14' title='bbox 752 1059 809 1138; x_wconf 72' lang='lat' dir='ltr'>ae</span> <span class='ocrx_word' id='word_1_15' title='bbox 824 1021 1075 1139; x_wconf 87' lang='lat' dir='ltr'>conditura,</span> <span class='ocrx_word' id='word_1_16' title='bbox 1113 1015 1294 1151; x_wconf 89' lang='lat' dir='ltr'>ejusque</span> <span class='ocrx_word' id='word_1_17' title='bbox 1320 1019 1535 1150; x_wconf 74' lang='lat' dir='ltr'>pingendi</span> <span class='ocrx_word' id='word_1_18' title='bbox 1558 1013 1786 1140; x_wconf 75' lang='lat' dir='ltr'>artificio3</span> <span class='ocrx_word' id='word_1_19' title='bbox 1811 1047 1913 1116; x_wconf 90' lang='lat' dir='ltr'>tum</span> <span class='ocrx_word' id='word_1_20' title='bbox 1932 1021 1990 1117; x_wconf 91' lang='lat' dir='ltr'>de</span> <span class='ocrx_word' id='word_1_21' title='bbox 2007 1024 2154 1154; x_wconf 67' lang='lat' dir='ltr'>pislu·</span> 
     </span>
    </p>

    <p class='ocr_par' dir='ltr' id='par_1_4' title="bbox 620 1155 2154 1294">
     <span class='ocr_line' id='line_1_4' title="bbox 620 1155 2154 1294; baseline -0.004 -34"><span class='ocrx_word' id='word_1_22' title='bbox 620 1199 677 1260; x_wconf 81' lang='lat' dir='ltr'>1ae</span> <span class='ocrx_word' id='word_1_23' title='bbox 701 1159 1191 1294; x_wconf 67' lang='lat' dir='ltr'>nostraeexplicatione,</span> <span class='ocrx_word' id='word_1_24' title='bbox 1210 1155 1326 1254; x_wconf 89' lang='lat' dir='ltr'>etde</span> <span class='ocrx_word' id='word_1_25' title='bbox 1343 1155 1520 1254; x_wconf 81' lang='lat' dir='ltr'>Trabea</span> <span class='ocrx_word' id='word_1_26' title='bbox 1539 1159 1762 1290; x_wconf 63' lang='lat' dir='ltr'>precipue</span> <span class='ocrx_word' id='word_1_27' title='bbox 1776 1183 1993 1278; x_wconf 73' lang='lat' dir='ltr'>veterum,</span> <span class='ocrx_word' id='word_1_28' title='bbox 2014 1191 2154 1292; x_wconf 89' lang='lat' dir='ltr'>quam</span> 
     </span>
    </p>

    <p class='ocr_par' dir='ltr' id='par_1_5' title="bbox 437 1288 2155 1564">
     <span class='ocr_line' id='line_1_5' title="bbox 437 1288 2155 1434; baseline -0.007 -34"><span class='ocrx_word' id='word_1_29' title='bbox 437 1383 441 1400; x_wconf 81' lang='grc'><em>,</em></span> <span class='ocrx_word' id='word_1_30' title='bbox 619 1289 846 1434; x_wconf 50' lang='lat' dir='ltr'>puerulus</span> <span class='ocrx_word' id='word_1_31' title='bbox 882 1322 936 1394; x_wconf 65' lang='grc' dir='ltr'>α,</span> <span class='ocrx_word' id='word_1_32' title='bbox 973 1295 1031 1394; x_wconf 92' lang='lat' dir='ltr'>de</span> <span class='ocrx_word' id='word_1_33' title='bbox 1077 1294 1253 1414; x_wconf 79' lang='lat' dir='ltr'>monili,</span> <span class='ocrx_word' id='word_1_34' title='bbox 1297 1293 1421 1423; x_wconf 88' lang='lat' dir='ltr'>quod</span> <span class='ocrx_word' id='word_1_35' title='bbox 1458 1291 1627 1391; x_wconf 75' lang='lat' dir='ltr'>anuber</span> <span class='ocrx_word' id='word_1_36' title='bbox 1677 1291 1831 1426; x_wconf 77' lang='lat' dir='ltr'>gestat,</span> <span class='ocrx_word' id='word_1_37' title='bbox 1891 1288 2155 1432; x_wconf 67' lang='lat' dir='ltr'>disputamr.</span> 
     </span>
     <span class='ocr_line' id='line_1_6' title="bbox 626 1427 2155 1564; baseline -0.003 -30"><span class='ocrx_word' id='word_1_38' title='bbox 626 1473 741 1535; x_wconf 91' lang='lat'><em>111.</em></span> <span class='ocrx_word' id='word_1_39' title='bbox 778 1431 957 1532; x_wconf 86' lang='lat' dir='ltr'>Anulus</span> <span class='ocrx_word' id='word_1_40' title='bbox 980 1429 1276 1549; x_wconf 84' lang='lat' dir='ltr'>Amuleticus,</span> <span class='ocrx_word' id='word_1_41' title='bbox 1313 1465 1368 1526; x_wconf 89' lang='lat' dir='ltr'>ex</span> <span class='ocrx_word' id='word_1_42' title='bbox 1403 1427 1550 1564; x_wconf 91' lang='lat' dir='ltr'>lapide</span> <span class='ocrx_word' id='word_1_43' title='bbox 1573 1427 1883 1531; x_wconf 88' lang='lat' dir='ltr'>Chalcedonio</span> <span class='ocrx_word' id='word_1_44' title='bbox 1915 1429 2155 1552; x_wconf 68' lang='lat' dir='ltr'>consessus,</span> 
     </span>
    </p>

    <p class='ocr_par' dir='ltr' id='par_1_6' title="bbox 620 1566 2156 1703">
     <span class='ocr_line' id='line_1_7' title="bbox 620 1566 2156 1703; baseline -0.001 -33"><span class='ocrx_word' id='word_1_45' title='bbox 620 1575 695 1670; x_wconf 91' lang='lat' dir='ltr'>cui</span> <span class='ocrx_word' id='word_1_46' title='bbox 719 1571 874 1668; x_wconf 83' lang='lat' dir='ltr'>litterae</span> <span class='ocrx_word' id='word_1_47' title='bbox 897 1567 1105 1703; x_wconf 78' lang='lat' dir='ltr'>quadam</span> <span class='ocrx_word' id='word_1_48' title='bbox 1140 1567 1333 1664; x_wconf 84' lang='lat' dir='ltr'>barbarae</span> <span class='ocrx_word' id='word_1_49' title='bbox 1368 1567 1586 1698; x_wconf 71' lang='lat' dir='ltr'>inscripta</span> <span class='ocrx_word' id='word_1_50' title='bbox 1629 1566 1743 1664; x_wconf 87' lang='lat' dir='ltr'>sunt.</span> <span class='ocrx_word' id='word_1_51' title='bbox 1816 1569 1904 1668; x_wconf 91' lang='lat' dir='ltr'>Ubi</span> <span class='ocrx_word' id='word_1_52' title='bbox 1925 1569 1983 1668; x_wconf 92' lang='lat' dir='ltr'>de</span> <span class='ocrx_word' id='word_1_53' title='bbox 2003 1579 2156 1668; x_wconf 89' lang='lat' dir='ltr'>Amu-</span> 
     </span>
    </p>

    <p class='ocr_par' dir='ltr' id='par_1_7' title="bbox 619 1699 2155 1840">
     <span class='ocr_line' id='line_1_8' title="bbox 619 1699 2155 1840; baseline -0.001 -33"><span class='ocrx_word' id='word_1_54' title='bbox 619 1710 732 1830; x_wconf 86' lang='lat' dir='ltr'>letis,</span> <span class='ocrx_word' id='word_1_55' title='bbox 772 1705 1067 1840; x_wconf 84' lang='lat' dir='ltr'>Gemmisque</span> <span class='ocrx_word' id='word_1_56' title='bbox 1088 1701 1372 1838; x_wconf 81' lang='lat' dir='ltr'>potiffimum</span> <span class='ocrx_word' id='word_1_57' title='bbox 1413 1699 1723 1827; x_wconf 78' lang='lat' dir='ltr'>Basalidianis3</span> <span class='ocrx_word' id='word_1_58' title='bbox 1759 1740 1814 1803; x_wconf 88' lang='lat' dir='ltr'>ac</span> <span class='ocrx_word' id='word_1_59' title='bbox 1835 1707 1894 1806; x_wconf 91' lang='lat' dir='ltr'>de</span> <span class='ocrx_word' id='word_1_60' title='bbox 1913 1707 2057 1805; x_wconf 86' lang='lat' dir='ltr'>anulis</span> <span class='ocrx_word' id='word_1_61' title='bbox 2081 1745 2155 1806; x_wconf 82' lang='lat' dir='ltr'>ve.-</span> 
     </span>
    </p>

    <p class='ocr_par' dir='ltr' id='par_1_8' title="bbox 620 1837 2158 2116">
     <span class='ocr_line' id='line_1_9' title="bbox 620 1837 2156 1977; baseline 0 -34"><span class='ocrx_word' id='word_1_62' title='bbox 620 1866 772 1945; x_wconf 83' lang='lat' dir='ltr'>terum</span> <span class='ocrx_word' id='word_1_63' title='bbox 797 1839 990 1977; x_wconf 76' lang='lat' dir='ltr'>physicis</span> <span class='ocrx_word' id='word_1_64' title='bbox 1019 1865 1065 1938; x_wconf 92' lang='lat' dir='ltr'>et</span> <span class='ocrx_word' id='word_1_65' title='bbox 1087 1841 1333 1961; x_wconf 88' lang='lat' dir='ltr'>medicatis,</span> <span class='ocrx_word' id='word_1_66' title='bbox 1369 1843 1531 1974; x_wconf 82' lang='lat' dir='ltr'>quibus</span> <span class='ocrx_word' id='word_1_67' title='bbox 1560 1844 1697 1939; x_wconf 85' lang='lat' dir='ltr'>noxia</span> <span class='ocrx_word' id='word_1_68' title='bbox 1718 1837 1940 1974; x_wconf 86' lang='lat' dir='ltr'>quaelibet,</span> <span class='ocrx_word' id='word_1_69' title='bbox 1977 1869 2023 1942; x_wconf 92' lang='lat' dir='ltr'>et</span> <span class='ocrx_word' id='word_1_70' title='bbox 2049 1849 2156 1944; x_wconf 82' lang='lat' dir='ltr'>1&gt;ae-</span> 
     </span>
     <span class='ocr_line' id='line_1_10' title="bbox 623 1972 2158 2116; baseline -0.015 -31"><span class='ocrx_word' id='word_1_71' title='bbox 623 2020 780 2085; x_wconf 79' lang='lat' dir='ltr'>monea</span> <span class='ocrx_word' id='word_1_72' title='bbox 798 1981 1042 2116; x_wconf 80' lang='lat' dir='ltr'>praesertim</span> <span class='ocrx_word' id='word_1_73' title='bbox 1059 1975 1218 2098; x_wconf 85' lang='lat' dir='ltr'>malos,</span> <span class='ocrx_word' id='word_1_74' title='bbox 1244 1977 1288 2074; x_wconf 90' lang='lat' dir='ltr'>se</span> <span class='ocrx_word' id='word_1_75' title='bbox 1436 1972 1577 2074; x_wconf 79' lang='lat' dir='ltr'>ulsare</span> <span class='ocrx_word' id='word_1_76' title='bbox 1595 1975 1716 2110; x_wconf 85' lang='lat' dir='ltr'>posse</span> <span class='ocrx_word' id='word_1_77' title='bbox 1738 1981 1993 2102; x_wconf 79' lang='lat' dir='ltr'>credebant,</span> <span class='ocrx_word' id='word_1_78' title='bbox 2021 1979 2158 2082; x_wconf 73' lang='lat' dir='ltr'>diffe.</span> 
     </span>
    </p>

    <p class='ocr_par' dir='ltr' id='par_1_9' title="bbox 433 2112 2161 2526">
     <span class='ocr_line' id='line_1_11' title="bbox 433 2112 2161 2252; baseline 0.001 -33"><span class='ocrx_word' id='word_1_79' title='bbox 433 2112 437 2124; x_wconf 66' lang='grc'><strong>’</strong></span> <span class='ocrx_word' id='word_1_80' title='bbox 622 2123 748 2218; x_wconf 87' lang='lat' dir='ltr'>ritur.</span> <span class='ocrx_word' id='word_1_81' title='bbox 803 2125 883 2216; x_wconf 88' lang='lat' dir='ltr'>IV.</span> <span class='ocrx_word' id='word_1_82' title='bbox 918 2119 1006 2218; x_wconf 91' lang='lat' dir='ltr'>Rei</span> <span class='ocrx_word' id='word_1_83' title='bbox 1029 2112 1273 2246; x_wconf 86' lang='lat' dir='ltr'>turpiculae,</span> <span class='ocrx_word' id='word_1_84' title='bbox 1335 2150 1456 2248; x_wconf 85' lang='lat' dir='ltr'>gurae</span> <span class='ocrx_word' id='word_1_85' title='bbox 1477 2113 1576 2212; x_wconf 82' lang='lat' dir='ltr'>duae</span> <span class='ocrx_word' id='word_1_86' title='bbox 1599 2150 1742 2235; x_wconf 84' lang='lat' dir='ltr'>aeneae,</span> <span class='ocrx_word' id='word_1_87' title='bbox 1790 2153 1882 2214; x_wconf 91' lang='lat' dir='ltr'>non</span> <span class='ocrx_word' id='word_1_88' title='bbox 1902 2119 2086 2252; x_wconf 92' lang='lat' dir='ltr'>quidem</span> <span class='ocrx_word' id='word_1_89' title='bbox 2110 2123 2161 2222; x_wconf 90' lang='lat' dir='ltr'>in</span> 
     </span>
     <span class='ocr_line' id='line_1_12' title="bbox 621 2247 2160 2390; baseline -0.001 -34"><span class='ocrx_word' id='word_1_90' title='bbox 621 2257 743 2356; x_wconf 88' lang='lat' dir='ltr'>banc</span> <span class='ocrx_word' id='word_1_91' title='bbox 765 2253 1010 2375; x_wconf 82' lang='lat' dir='ltr'>Tabulam,</span> <span class='ocrx_word' id='word_1_92' title='bbox 1047 2251 1183 2350; x_wconf 91' lang='lat' dir='ltr'>sedin</span> <span class='ocrx_word' id='word_1_93' title='bbox 1200 2247 1511 2352; x_wconf 83' lang='lat' dir='ltr'>dissertationis</span> <span class='ocrx_word' id='word_1_94' title='bbox 1536 2253 1789 2386; x_wconf 85' lang='lat' dir='ltr'>marginem</span> <span class='ocrx_word' id='word_1_95' title='bbox 1810 2254 2031 2390; x_wconf 75' lang='lat' dir='ltr'>conjeslae.</span> <span class='ocrx_word' id='word_1_96' title='bbox 2070 2258 2160 2357; x_wconf 90' lang='lat' dir='ltr'>Ubi</span> 
     </span>
     <span class='ocr_line' id='line_1_13' title="bbox 622 2389 2161 2526; baseline -0.002 -32"><span class='ocrx_word' id='word_1_97' title='bbox 622 2394 872 2494; x_wconf 88' lang='lat' dir='ltr'>istiusmodi</span> <span class='ocrx_word' id='word_1_98' title='bbox 895 2389 1074 2526; x_wconf 81' lang='lat' dir='ltr'>figuras,</span> <span class='ocrx_word' id='word_1_99' title='bbox 1111 2415 1269 2487; x_wconf 88' lang='lat' dir='ltr'>contra</span> <span class='ocrx_word' id='word_1_100' title='bbox 1288 2389 1608 2508; x_wconf 80' lang='lat' dir='ltr'>fascinationes,</span> <span class='ocrx_word' id='word_1_101' title='bbox 1647 2390 1857 2526; x_wconf 90' lang='lat' dir='ltr'>oculique</span> <span class='ocrx_word' id='word_1_102' title='bbox 1880 2391 2069 2524; x_wconf 84' lang='lat' dir='ltr'>maligni</span> <span class='ocrx_word' id='word_1_103' title='bbox 2093 2397 2161 2492; x_wconf 92' lang='lat' dir='ltr'>ic·</span> 
     </span>
    </p>

    <p class='ocr_par' dir='ltr' id='par_1_10' title="bbox 624 2525 2163 2662">
     <span class='ocr_line' id='line_1_14' title="bbox 624 2525 2163 2662; baseline 0 -30"><span class='ocrx_word' id='word_1_104' title='bbox 624 2557 712 2655; x_wconf 85' lang='lat' dir='ltr'>tus,</span> <span class='ocrx_word' id='word_1_105' title='bbox 749 2528 1080 2634; x_wconf 82' lang='lat' dir='ltr'>infantulorum</span> <span class='ocrx_word' id='word_1_106' title='bbox 1109 2526 1223 2626; x_wconf 90' lang='lat' dir='ltr'>olim</span> <span class='ocrx_word' id='word_1_107' title='bbox 1240 2525 1368 2628; x_wconf 79' lang='lat' dir='ltr'>eollis</span> <span class='ocrx_word' id='word_1_108' title='bbox 1386 2525 1598 2662; x_wconf 77' lang='lat' dir='ltr'>suspendi</span> <span class='ocrx_word' id='word_1_109' title='bbox 1626 2525 1776 2652; x_wconf 88' lang='lat' dir='ltr'>solere,</span> <span class='ocrx_word' id='word_1_110' title='bbox 1812 2530 2163 2632; x_wconf 73' lang='lat' dir='ltr'>demonstratur.</span> 
     </span>
    </p>
   </div>
   <div class='ocr_carea' id='block_1_3' title="bbox 541 2935 2164 3484">
    <p class='ocr_par' dir='ltr' id='par_1_11' title="bbox 615 2935 2164 3212">
     <span class='ocr_line' id='line_1_15' title="bbox 615 2935 2159 3072; baseline 0.001 -31"><span class='ocrx_word' id='word_1_111' title='bbox 615 2942 790 3052; x_wconf 43' lang='lat' dir='ltr'>sosia</span> <span class='ocrx_word' id='word_1_112' title='bbox 811 2939 1016 3062; x_wconf 68' lang='lat' dir='ltr'>olibetis,</span> <span class='ocrx_word' id='word_1_113' title='bbox 1075 2939 1247 3040; x_wconf 69' lang='lat' dir='ltr'>eeino</span> <span class='ocrx_word' id='word_1_114' title='bbox 1276 2935 1500 3060; x_wconf 68' lang='lat' dir='ltr'>uonsesla,</span> <span class='ocrx_word' id='word_1_115' title='bbox 1532 2962 1584 3038; x_wconf 80' lang='lat' dir='ltr'>et</span> <span class='ocrx_word' id='word_1_116' title='bbox 1614 2940 1809 3072; x_wconf 61' lang='lat' dir='ltr'>pisturis</span> <span class='ocrx_word' id='word_1_117' title='bbox 1818 2963 1995 3040; x_wconf 70' lang='lat' dir='ltr'>mnata.</span> <span class='ocrx_word' id='word_1_118' title='bbox 2061 2939 2159 3042; x_wconf 87' lang='lat' dir='ltr'>Ubi</span> 
     </span>
     <span class='ocr_line' id='line_1_16' title="bbox 616 3075 2164 3212; baseline 0.002 -37"><span class='ocrx_word' id='word_1_119' title='bbox 616 3085 685 3190; x_wconf 71' lang='lat' dir='ltr'>de</span> <span class='ocrx_word' id='word_1_120' title='bbox 711 3081 833 3178; x_wconf 71' lang='lat' dir='ltr'>ollis</span> <span class='ocrx_word' id='word_1_121' title='bbox 871 3077 1121 3180; x_wconf 78' lang='lat' dir='ltr'>istiufiuodi</span> <span class='ocrx_word' id='word_1_122' title='bbox 1144 3077 1304 3192; x_wconf 71' lang='lat' dir='ltr'>vitreis,</span> <span class='ocrx_word' id='word_1_123' title='bbox 1351 3075 1413 3174; x_wconf 80' lang='lat' dir='ltr'>ad</span> <span class='ocrx_word' id='word_1_124' title='bbox 1451 3103 1736 3176; x_wconf 72' lang='lat' dir='ltr'>moeniorum</span> <span class='ocrx_word' id='word_1_125' title='bbox 1764 3077 1865 3178; x_wconf 81' lang='lat' dir='ltr'>ossa</span> <span class='ocrx_word' id='word_1_126' title='bbox 1892 3080 2164 3212; x_wconf 73' lang='lat' dir='ltr'>excipienda</span> 
     </span>
    </p>

    <p class='ocr_par' dir='ltr' id='par_1_12' title="bbox 541 3209 2161 3484">
     <span class='ocr_line' id='line_1_17' title="bbox 541 3209 2161 3357; baseline 0.005 -47"><span class='ocrx_word' id='word_1_127' title='bbox 541 3305 545 3310; x_wconf 87' lang='lat'>.</span> <span class='ocrx_word' id='word_1_128' title='bbox 627 3219 804 3357; x_wconf 82' lang='lat' dir='ltr'>paratis,</span> <span class='ocrx_word' id='word_1_129' title='bbox 830 3217 953 3315; x_wconf 82' lang='lat' dir='ltr'>aede</span> <span class='ocrx_word' id='word_1_130' title='bbox 969 3211 1118 3314; x_wconf 80' lang='lat' dir='ltr'>nostra</span> <span class='ocrx_word' id='word_1_131' title='bbox 1137 3211 1394 3346; x_wconf 69' lang='lat' dir='ltr'>presertim</span> <span class='ocrx_word' id='word_1_132' title='bbox 1405 3245 1504 3346; x_wconf 77' lang='lat' dir='ltr'>que</span> <span class='ocrx_word' id='word_1_133' title='bbox 1520 3209 1687 3312; x_wconf 81' lang='lat' dir='ltr'>ossium</span> <span class='ocrx_word' id='word_1_134' title='bbox 1708 3213 2052 3316; x_wconf 75' lang='lat' dir='ltr'>combustorum</span> <span class='ocrx_word' id='word_1_135' title='bbox 2067 3213 2161 3318; x_wconf 84' lang='lat' dir='ltr'>sru-</span> 
     </span>
     <span class='ocr_line' id='line_1_18' title="bbox 628 3353 1268 3484; baseline -0.014 -26"><span class='ocrx_word' id='word_1_136' title='bbox 628 3357 750 3458; x_wconf 81' lang='lat' dir='ltr'>slulis</span> <span class='ocrx_word' id='word_1_137' title='bbox 772 3353 933 3456; x_wconf 77' lang='lat' dir='ltr'>resena</span> <span class='ocrx_word' id='word_1_138' title='bbox 959 3375 1067 3475; x_wconf 87' lang='lat' dir='ltr'>erat,</span> <span class='ocrx_word' id='word_1_139' title='bbox 1104 3353 1268 3484; x_wconf 79' lang='lat' dir='ltr'>agitur.</span> 
     </span>
    </p>
   </div>
   <div class='ocr_carea' id='block_1_4' title="bbox 629 3609 2341 4317">
    <p class='ocr_par' dir='ltr' id='par_1_13' title="bbox 1263 3609 1718 3710">
     <span class='ocr_line' id='line_1_19' title="bbox 1263 3609 1718 3710; baseline 0.002 -5"><span class='ocrx_word' id='word_1_140' title='bbox 1263 3609 1407 3710; x_wconf 82' lang='lat' dir='ltr'>‘Tab</span> <span class='ocrx_word' id='word_1_141' title='bbox 1446 3617 1504 3710; x_wconf 81' lang='lat' dir='ltr'>V.</span> <span class='ocrx_word' id='word_1_142' title='bbox 1713 3699 1718 3706; x_wconf 88' lang='lat'>.</span> 
     </span>
    </p>

    <p class='ocr_par' dir='ltr' id='par_1_14' title="bbox 629 3760 2341 4317">
     <span class='ocr_line' id='line_1_20' title="bbox 683 3760 2169 3903; baseline -0.013 -30"><span class='ocrx_word' id='word_1_143' title='bbox 683 3777 722 3872; x_wconf 92' lang='lat' dir='ltr'>F</span> <span class='ocrx_word' id='word_1_144' title='bbox 725 3773 861 3903; x_wconf 82' lang='lat' dir='ltr'>igurae</span> <span class='ocrx_word' id='word_1_145' title='bbox 891 3770 940 3863; x_wconf 86' lang='lat' dir='ltr'>in</span> <span class='ocrx_word' id='word_1_146' title='bbox 980 3760 1143 3884; x_wconf 69' lang='lat' dir='ltr'>sunnio,</span> <span class='ocrx_word' id='word_1_147' title='bbox 1187 3761 1484 3896; x_wconf 72' lang='lat' dir='ltr'>lateribusque</span> <span class='ocrx_word' id='word_1_148' title='bbox 1508 3761 1626 3859; x_wconf 76' lang='lat' dir='ltr'>011ae</span> <span class='ocrx_word' id='word_1_149' title='bbox 1657 3761 1840 3896; x_wconf 70' lang='lat' dir='ltr'>depistae</span> <span class='ocrx_word' id='word_1_150' title='bbox 1856 3806 1875 3885; x_wconf 84' lang='lat'>3·</span> <span class='ocrx_word' id='word_1_151' title='bbox 1909 3801 2009 3898; x_wconf 71' lang='lat' dir='ltr'>que</span> <span class='ocrx_word' id='word_1_152' title='bbox 2049 3769 2169 3868; x_wconf 49' lang='lat' dir='ltr'>ritus</span> 
     </span>
     <span class='ocr_line' id='line_1_21' title="bbox 629 3899 2160 4040; baseline -0.004 -30"><span class='ocrx_word' id='word_1_153' title='bbox 629 3909 836 4012; x_wconf 78' lang='lat' dir='ltr'>¹sunebrea</span> <span class='ocrx_word' id='word_1_154' title='bbox 853 3905 1074 4040; x_wconf 70' lang='lat' dir='ltr'>precipue</span> <span class='ocrx_word' id='word_1_155' title='bbox 1096 3899 1524 4000; x_wconf 80' lang='lat' dir='ltr'>indica-tevidennu.</span> <span class='ocrx_word' id='word_1_156' title='bbox 1582 3903 1671 4000; x_wconf 91' lang='lat' dir='ltr'>Ubi</span> <span class='ocrx_word' id='word_1_157' title='bbox 1686 3902 1744 4000; x_wconf 88' lang='lat' dir='ltr'>de</span> <span class='ocrx_word' id='word_1_158' title='bbox 1765 3907 1952 4000; x_wconf 74' lang='lat' dir='ltr'>mortuis</span> <span class='ocrx_word' id='word_1_159' title='bbox 1968 3905 2160 4004; x_wconf 62' lang='lat' dir='ltr'>combun</span> 
     </span>
     <span class='ocr_line' id='line_1_22' title="bbox 629 4037 2169 4176; baseline -0.012 -30"><span class='ocrx_word' id='word_1_160' title='bbox 629 4043 795 4165; x_wconf 72' lang='lat' dir='ltr'>iendis,</span> <span class='ocrx_word' id='word_1_161' title='bbox 831 4039 1082 4170; x_wconf 88' lang='lat' dir='ltr'>oss1busque</span> <span class='ocrx_word' id='word_1_162' title='bbox 1111 4073 1271 4137; x_wconf 88' lang='lat' dir='ltr'>eorum·</span> <span class='ocrx_word' id='word_1_163' title='bbox 1300 4037 1510 4172; x_wconf 81' lang='lat' dir='ltr'>legendis,</span> <span class='ocrx_word' id='word_1_164' title='bbox 1545 4063 1591 4136; x_wconf 90' lang='lat' dir='ltr'>et</span> <span class='ocrx_word' id='word_1_165' title='bbox 1625 4039 1883 4161; x_wconf 66' lang='lat' dir='ltr'>condendis,</span> <span class='ocrx_word' id='word_1_166' title='bbox 1920 4042 2169 4176; x_wconf 67' lang='lat' dir='ltr'>ceterilqoe</span> 
     </span>
     <span class='ocr_line' id='line_1_23' title="bbox 631 4168 2341 4317; baseline -0.016 -34"><span class='ocrx_word' id='word_1_167' title='bbox 631 4184 691 4283; x_wconf 85' lang='lat' dir='ltr'>ad</span> <span class='ocrx_word' id='word_1_168' title='bbox 714 4173 945 4317; x_wconf 75' lang='lat' dir='ltr'>sepulchia</span> <span class='ocrx_word' id='word_1_169' title='bbox 968 4178 1304 4309; x_wconf 84' lang='lat' dir='ltr'>pertinentibus,</span> <span class='ocrx_word' id='word_1_170' title='bbox 1339 4175 1602 4311; x_wconf 62' lang='lat' dir='ltr'>disputatur,</span> <span class='ocrx_word' id='word_1_171' title='bbox 2338 4168 2341 4177; x_wconf 80' lang='grc'><em>’</em></span> 
     </span>
    </p>
   </div>
   <div class='ocr_carea' id='block_1_5' title="bbox 632 4586 2172 5250">
    <p class='ocr_par' dir='ltr' id='par_1_15' title="bbox 632 4586 2172 5250">
     <span class='ocr_line' id='line_1_24' title="bbox 703 4586 2169 4725; baseline 0.004 -37"><span class='ocrx_word' id='word_1_172' title='bbox 703 4603 909 4724; x_wconf 82' lang='lat' dir='ltr'>Qatuor</span> <span class='ocrx_word' id='word_1_173' title='bbox 934 4586 1123 4710; x_wconf 85' lang='lat' dir='ltr'>vascula,</span> <span class='ocrx_word' id='word_1_174' title='bbox 1186 4587 1510 4725; x_wconf 75' lang='lat' dir='ltr'>lacrymatonia,</span> <span class='ocrx_word' id='word_1_175' title='bbox 1547 4611 1601 4684; x_wconf 84' lang='lat' dir='ltr'>ut</span> <span class='ocrx_word' id='word_1_176' title='bbox 1623 4586 1760 4722; x_wconf 84' lang='lat' dir='ltr'>vulgo</span> <span class='ocrx_word' id='word_1_177' title='bbox 1782 4611 2009 4689; x_wconf 75' lang='lat' dir='ltr'>vocamn.</span> <span class='ocrx_word' id='word_1_178' title='bbox 2070 4596 2169 4696; x_wconf 80' lang='lat' dir='ltr'>Ubi</span> 
     </span>
     <span class='ocr_line' id='line_1_25' title="bbox 635 4723 2172 4862; baseline -0.001 -28"><span class='ocrx_word' id='word_1_179' title='bbox 635 4729 810 4834; x_wconf 87' lang='lat' dir='ltr'>vascula</span> <span class='ocrx_word' id='word_1_180' title='bbox 834 4725 1160 4862; x_wconf 86' lang='lat' dir='ltr'>ejusdemmodi</span> <span class='ocrx_word' id='word_1_181' title='bbox 1182 4733 1351 4851; x_wconf 88' lang='lat' dir='ltr'>omnia,</span> <span class='ocrx_word' id='word_1_182' title='bbox 1403 4763 1503 4828; x_wconf 87' lang='lat' dir='ltr'>non.</span> <span class='ocrx_word' id='word_1_183' title='bbox 1533 4723 1721 4858; x_wconf 86' lang='lat' dir='ltr'>quidem</span> <span class='ocrx_word' id='word_1_184' title='bbox 1752 4727 1811 4826; x_wconf 88' lang='lat' dir='ltr'>ad</span> <span class='ocrx_word' id='word_1_185' title='bbox 1840 4727 2073 4860; x_wconf 80' lang='lat' dir='ltr'>lacrymas,</span> <span class='ocrx_word' id='word_1_186' title='bbox 2110 4755 2172 4832; x_wconf 78' lang='lat' dir='ltr'>ut</span> 
     </span>
     <span class='ocr_line' id='line_1_26' title="bbox 635 4863 2162 5008; baseline 0.002 -43"><span class='ocrx_word' id='word_1_187' title='bbox 635 4869 836 5008; x_wconf 82' lang='lat' dir='ltr'>plerique</span> <span class='ocrx_word' id='word_1_188' title='bbox 858 4863 1132 4986; x_wconf 60' lang='lat' dir='ltr'>existimant,</span> <span class='ocrx_word' id='word_1_189' title='bbox 1161 4865 1455 5001; x_wconf 77' lang='lat' dir='ltr'>excipiendas,</span> <span class='ocrx_word' id='word_1_190' title='bbox 1493 4863 1891 4995; x_wconf 81' lang='lat' dir='ltr'>sedadunguenta</span> <span class='ocrx_word' id='word_1_191' title='bbox 1915 4867 2162 4968; x_wconf 89' lang='lat' dir='ltr'>solummo-</span> 
     </span>
     <span class='ocr_line' id='line_1_27' title="bbox 635 4999 2169 5127; baseline 0 -21"><span class='ocrx_word' id='word_1_192' title='bbox 635 5011 698 5106; x_wconf 87' lang='lat' dir='ltr'>do</span> <span class='ocrx_word' id='word_1_193' title='bbox 719 5008 768 5102; x_wconf 89' lang='lat' dir='ltr'>in</span> <span class='ocrx_word' id='word_1_194' title='bbox 799 5001 1003 5102; x_wconf 80' lang='lat' dir='ltr'>tumuloe</span> <span class='ocrx_word' id='word_1_195' title='bbox 1023 5000 1268 5127; x_wconf 86' lang='lat' dir='ltr'>inserenda,</span> <span class='ocrx_word' id='word_1_196' title='bbox 1302 5039 1334 5102; x_wconf 83' lang='lat' dir='ltr'>a</span> <span class='ocrx_word' id='word_1_197' title='bbox 1364 5004 1580 5104; x_wconf 73' lang='lat' dir='ltr'>vetenibua</span> <span class='ocrx_word' id='word_1_198' title='bbox 1622 4999 1823 5102; x_wconf 84' lang='lat' dir='ltr'>adhibita</span> <span class='ocrx_word' id='word_1_199' title='bbox 1854 5003 1997 5126; x_wconf 82' lang='lat' dir='ltr'>fuisse,</span> <span class='ocrx_word' id='word_1_200' title='bbox 2050 5043 2169 5106; x_wconf 86' lang='lat' dir='ltr'>eon-</span> 
     </span>
     <span class='ocr_line' id='line_1_28' title="bbox 632 5143 1062 5250; baseline -0.016 -6"><span class='ocrx_word' id='word_1_201' title='bbox 632 5143 847 5250; x_wconf 71' lang='lat' dir='ltr'>tenditur.</span> <span class='ocrx_word' id='word_1_202' title='bbox 1061 5185 1062 5190; x_wconf 40' lang='lat'>¹</span> 
     </span>
    </p>
   </div>
   <div class='ocr_carea' id='block_1_6' title="bbox 628 5279 2165 5402">
    <p class='ocr_par' dir='ltr' id='par_1_16' title="bbox 628 5279 2165 5402">
     <span class='ocr_line' id='line_1_29' title="bbox 628 5279 2165 5402; baseline 0.001 -22"><span class='ocrx_word' id='word_1_203' title='bbox 628 5371 631 5380; x_wconf 80' lang='grc'>,</span> <span class='ocrx_word' id='word_1_204' title='bbox 779 5321 807 5402; x_wconf 51' lang='grc' dir='ltr'>,ῃ</span> <span class='ocrx_word' id='word_1_205' title='bbox 2047 5279 2165 5382; x_wconf 61' lang='lat' dir='ltr'>Tabe</span> 
     </span>
    </p>
   </div>
   <div class='ocr_carea' id='block_1_7' title="bbox 2602 3330 2609 4552">
    <p class='ocr_par' dir='ltr' id='par_1_17' title="bbox 2602 3330 2609 4552">
     <span class='ocr_line' id='line_1_30' title="bbox 2602 3330 2609 4552; baseline 0 0"><span class='ocrx_word' id='word_1_206' title='bbox 2602 3330 2609 4552; x_wconf 95' lang='lat' dir='ltr'> </span> 
     </span>
    </p>
   </div>
   <div class='ocr_carea' id='block_1_8' title="bbox 0 0 2625 6724">
    <p class='ocr_par' dir='ltr' id='par_1_18' title="bbox 0 0 2625 6724">
     <span class='ocr_line' id='line_1_31' title="bbox 0 0 2625 6724; baseline 0 0"><span class='ocrx_word' id='word_1_207' title='bbox 0 0 2625 6724; x_wconf 95' lang='lat' dir='ltr'> </span> 
     </span>
    </p>
   </div>
  </div>
 </body>
</html>
