5008 6706
691 679 1275 814 TABULA
1304 679 1849 854 XX1.239·

311 891 571 1017 Matidiae
611 921 801 1016 autem
850 890 1116 1059 imagines
1160 889 1219 1012 in
1263 891 1507 1014 nummis
1549 923 1841 1084 utcunque

308 1105 465 1214 rarae,
510 1062 568 1184 in
614 1060 846 1230 gemmis
889 1079 1078 1186 tamen
1128 1059 1358 1184 rariores
1407 1061 1512 1184 else
1540 1061 1837 1188 videntur.

308 1273 436 1352 nam
461 1265 660 1399 praeter
688 1233 832 1352 hanc
853 1275 1048 1378 unam,
1093 1232 1246 1349 haud
1274 1231 1440 1358 aliam
1470 1230 1771 1398 uspiam,
1747 1235 1838 1358 vel

306 1397 365 1520 in
367 1389 545 1520 libris
571 1399 908 1594 descriptam,
951 1399 1087 1520 vel
1074 1443 1131 1518 m
1155 1399 1370 1562 Museis
1393 1397 1713 1521 asservatam
1746 1447 1851 1524 me-

306 1565 495 1690 vidisse
522 1571 764 1691 memini.
852 1570 1048 1690 Hoc
1001 1615 1032 1686 e
1022 1613 1117 1724 Jus
1147 1603 1318 1734 caput
1335 1614 1390 1687 1n
1422 1569 1606 1735 lapide
1636 1571 1837 1724 Prafio,

305 1737 403 1858 seu
423 1741 789 1908 Smaragdite,
834 1738 1169 1904 insculptum
1199 1739 1316 1889 est3
1364 1782 1532 1902 quem
1556 1739 1683 1860 ltali
1711 1745 1838 1862 vul·
1839 1788 1880 1835 ³

302 1945 411 2164 80
411 1909 646 2062 Prasma,
675 1909 933 2030 nonnulli
955 1905 1244 2150 Smaragdi
1269 1938 1501 2028 matrem
1531 1912 1834 2078 appellant
1849 1985 1853 1994 ·

773 2248 1110 2370 SECT
1198 2252 1366 2368 Vlll.

424 2560 682 2704 Emma
727 2555 954 2712 oslava,
1015 2558 1298 2684 Faustinae
1344 2553 1585 2705 senioris,
1646 2557 1838 2679 Anto-

522 2725 639 2874 nini
698 2729 780 2850 Pii
828 2731 1024 2852 uxoris
1079 2728 1399 2892 imaginem,
1444 2725 1500 2846 in
1557 2728 1840 2848 Carnmla·

305 2785 634 3090 insculptam
683 2941 799 3090 prae
853 2898 907 3017 se
955 2897 1079 3022 sert.
1169 2895 1264 3024 De
1300 2941 1414 3063 qua
1458 2892 1867 3061 Capitolinus,

307 3076 350 3142 “
395 3067 579 3217 tertio,
609 3065 806 3235 inquit,
850 3113 1003 3192 anno
1019 3113 1229 3234 tmpern
1217 3067 1342 3186 sui
1371 3063 1697 3186 Faustinam
1724 3109 1838 3188 ux·-

307 3243 352 3356 ‘.‘
395 3279 550 3356 orem
579 3236 850 3400 perdidit.
896 3284 1023 3402 quae
1079 3241 1352 3358 aSenatu
1380 3232 1693 3366 consecrata
1739 3235 1840 3365 est,

305 3412 346 3476 “
389 3402 586 3526 delatis
611 3404 957 3527 Circensibus
982 3441 1153 3599 atque
1173 3405 1436 3571 Templo
1481 3434 1539 3521 et
1566 3403 1612 3518 F
1615 3403 1835 3526 lammr

305 3582 345 3642 “
332 3572 484 3722 cis
526 3605 583 3694 et
629 3573 819 3696 statuis
856 3576 1035 3698 aureis
1075 3605 1243 3742 atque
1293 3571 1617 3741 argenteis¹.
1623 3572 1659 3624 ''
1763 3580 1832 3698 ln

302 3739 567 3889 nummio,
610 3785 851 3905 quorum
879 3743 1102 3908 plurimi
1132 3747 1316 3865 adhuc
1346 3741 1574 3890 restant,
1614 3743 1836 3863 Fausti

303 3953 393 4031 nae
420 3910 637 4065 hujus
622 3955 809 4077 imago
831 3913 939 4037 hoc
984 3915 1182 4034 eodem
1237 3909 1432 4077 capitis
1453 3939 1660 4030 ornatu
1693 3910 1830 4032 sem·

302 4123 400 4244 per
426 4080 542 4201 fere
570 4077 838 4202 instrusla
879 4083 1167 4233 cernitur3
1224 4078 1515 4247 capillis
1464 4076 1724 4199 mmirum
1770 4079 1830 4202 in

301 4248 579 4370 orbiculos
607 4249 809 4401 varios,
853 4251 1018 4417 supra
1046 4250 1311 4371 verticem
1347 4245 1559 4416 capitis,
1603 4253 1838 4416 elegen

300 4446 385 4538 ter
406 4421 710 4541 admodum
733 4421 1064 4544 convolutis

961 4767 982 4858 3,
1009 4763 1102 4873 Cap.
1132 4766 1176 4846 63
1287 4793 1290 4800 ·
