5042 6724
699 741 817 828 mo
1116 693 1855 816 TABULA'WL

638 959 643 968 ·
778 907 887 1026 Sed
915 907 1188 1070 permulta
1218 901 1343 1022 sane
1373 901 1611 1056 ejusdem
1648 904 1865 1068 generis
1905 905 2144 1046 vascula,
2192 956 2225 1030 e

693 1079 838 1198 vitro
868 1074 1067 1241 pariter
1118 1070 1378 1218 conflata,
1447 1102 1614 1232 atque
1658 1114 1730 1188 ex
1777 1072 2224 1200 Christianorum

697 1279 951 1366 veterum
983 1240 1278 1404 sepulchris
1307 1273 1483 1388 eruta,
1524 1239 1579 1356 in
1624 1241 1806 1358 lucem
1852 1243 2021 1362 edidit
2052 1249 2222 1366 Arin-

695 1421 879 1580 ghuss3
928 1455 1070 1572 quae,
1116 1406 1248 1568 quia
1294 1413 1462 1526 rubro
1497 1405 1737 1556 fortasse,
1782 1408 1875 1525 seu
1921 1410 2223 1574 sanguineo

696 1587 880 1702 colore
916 1573 1094 1710 cinsia
1120 1575 1486 1736 reperiuntur,
1531 1577 1861 1732 Martyrum
1881 1576 1952 1695 ibi
1981 1563 2116 1698 olim
2138 1565 2221 1699 se·

698 1757 986 1916 pultorum
1031 1741 1229 1862 indicia
1258 1743 1379 1894 jam
1429 1785 1463 1860 a
1513 1741 1739 1906 Papistis
1791 1744 2077 1864 certissima
2120 1749 2222 1868 esse

697 1920 999 2038 creduntur
1019 1931 1053 2032 ¹.
1143 1917 1233 2029 At*
1257 1955 1390 2029 vero
1419 1911 1732 2064 hujusmodi
1766 1957 1991 2076 quoque
2013 1918 2220 2068 omnia,

696 2081 1001 2252 unguentis
1029 2076 1402 2244 odoribusque
1444 2078 1753 2198 condendis
1798 2081 2068 2202 destinata
2095 2085 2219 2236 esse,

698 2253 854 2376 haud
883 2251 1116 2370 dubium
1144 2249 1264 2364 est:
1309 2291 1472 2412 quem
1501 2245 1725 2411 quidem
1767 2291 2033 2368 morema
2063 2255 2220 2372 Geu-

700 2423 893 2543 tilibus
923 2421 996 2537 ad
1049 2415 1403 2542 Christianos,
1473 2417 1562 2532 vel
1618 2413 1800 2578 priscis
1850 2417 1960 2536 istis
2009 2419 2219 2571 seculiS,

698 2585 1027 2753 traducium
1074 2583 1179 2704 esse
1209 2581 1589 2748 cognovimus.
1646 2565 2036 2706 Tertullianus
2053 2588 2220 2738 enim,

698 2765 825 2928 plus
853 2756 1401 2876 odoramentoruma
1432 2749 1754 2870 Christianis
1783 2755 2046 2915 profundi
2090 2757 2223 2874 sose·

699 2973 757 3048 re
786 2924 1055 3093 queritur,
1099 2963 1266 3086 quam
1289 2923 1360 3038 ab
1402 2917 1653 3040 Ethnicis
1690 2919 1828 3084 ipfis.
1919 2933 1959 2992 “
2002 2923 2220 3052 Thura,

700 3110 742 3170 “
786 3094 979 3260 inquit,
1024 3094 1189 3256 plane
1228 3133 1344 3208 non
1390 3087 1640 3208 emimus,
1729 3088 1787 3206 Si
1816 3090 2042 3210 Arabiae
2087 3136 2222 3256 que·

703 3275 743 3336 “
785 3293 1000 3411 rantur,
1043 3258 1227 3384 sciant,
1272 3256 1444 3422 pluris
1490 3287 1546 3377 et
1573 3255 1794 3377 carioris
1846 3302 2053 3379 merces
2102 3262 2223 3380 suas
2291 3407 2305 3417 p

703 3444 746 3504 “
791 3429 1112 3550 Christianis
1158 3426 1476 3591 sepeliendis
1518 3425 1827 3590 profligari,
1877 3473 2046 3592 quam
2100 3429 2220 3548 Diis

704 3611 744 3672 “
786 3597 1124 3768 fumigandis
1141 3593 1222 3716 ².·''
1309 3597 1401 3716 De
1429 3597 1537 3714 hoc
1565 3593 1697 3714 item
1726 3595 1837 3716 ritu
1868 3598 2220 3748 Prudentius

1083 3857 1163 3974 N
1156 3897 1210 3970 us
1233 3849 1377 3970 tesia
1400 3851 1834 4014 fovebimusuffle

1127 4019 1302 4140 Violis
1328 4050 1382 4138 et
1411 4021 1624 4176 froude
1658 4021 1966 4186 frequenti,

1134 4185 1476 4351 situlamque
1502 4220 1554 4306 et
1570 4189 1800 4356 frigida
1808 4191 1959 4346 fluxu

1101 4359 1365 4522 Liquido
1374 4357 1696 4522 spargemus
1723 4362 1891 4476 odore.

1128 4523 1465 4692 Aspersaque
1491 4524 1715 4682 myrrha
1745 4528 1928 4645 Subaeo

1130 4701 1329 4860 Corpus
1364 4695 1710 4812 medicamine
1725 4695 1965 4854 seruat&

768 4975 780 5009 ¹
813 4916 974 5066 Aringh.
999 4956 1114 5034 Rom.
1133 4953 1345 5034 Subterrau.
1362 4948 1449 5034 Vol.
1479 4979 1514 5034 1.
1538 4977 1576 5059 p.
1598 4957 1721 5062 49⁶·'

764 5085 782 5120 ²
816 5079 1016 5189 Apologet.
1037 5103 1071 5161 c.
1103 5103 1175 5178 42.

767 5188 782 5244 ³
812 5198 1069 5285 Cathemerin.
1091 5199 1241 5307 Hymn.
1257 5223 1296 5280 x.
1318 5225 1354 5280 v.
1383 5228 1479 5312 177.
1497 5193 1538 5277 it.
1557 5225 1595 5280 v.
1621 5223 1709 5308 59..

2032 5317 2228 5440 TA·
