5042 6724
1178 577 1188 644 s

875 813 880 822 .
1357 649 1572 814 (98)
2097 837 2102 844 ,

878 971 1247 1180 τΑΒ
1347 1013 1743 1180 una
1862 1021 2050 1184 vu.

903 1357 1018 1472 AEc
1047 1383 1293 1516 quatuor
1321 1347 1565 1500 vascula,
1608 1271 1807 1470 evitro
1856 1354 2232 1476 candidissrmo

697 1641 705 1658 ,
917 1516 1198 1668 consedia,
1239 1551 1407 1684 atque
1428 1517 1487 1638 in
1525 1519 1817 1686 sepulchro
1862 1523 2098 1688 antiquo
2146 1569 2232 1642 re-

576 1712 581 1720 '
697 1721 881 1860 perta,
923 1688 1245 1856 unguentis,
1287 1721 1355 1809 ut
1384 1689 1556 1808 modo
1582 1685 1721 1837 dixi,
1765 1687 2135 1882 odoribusque
2173 1691 2232 1812 in

698 1861 994 2004 ,tumulum
1032 1855 1330 1978 inserendis
1359 1855 1663 2007 inserviisse,
1708 1899 1782 1980 ex
1826 1902 2025 1980 eorum
2050 1865 2232 1982 sorma

697 2063 767 2156 et
814 2025 1200 2194 magnitudine
1248 2024 1594 2192 perspicuum
1651 2025 1748 2146 est.
1866 2029 2236 2151 Mortuorum

699 2197 857 2338 jenim
885 2195 1244 2362 propinquos,
1286 2195 1447 2316 certis
1469 2193 1798 2358 quibusdam
1816 2194 2031 2349 diebuS,
2054 2198 2235 2364 sepul·

698 2371 845 2490 ..chra
873 2407 1070 2486 eorum
1096 2363 1268 2513 adire,
1312 2360 1629 2526 cineresque
1670 2361 1915 2516 floribuu
1958 2370 2143 2518 thure,
2166 2412 2235 2488 ac

700 2533 977 2658 odoribus
1003 2533 1325 2700 respergere,
1368 2561 1427 2652 et
1447 2533 1685 2682 vascula,
1730 2533 1932 2697 quibus
1957 2533 2057 2656 ista
2084 2535 2235 2656 intro

714 2704 911 2854 sissent,
955 2731 1086 2822 curn
1114 2703 1354 2823 odorum
1391 2699 1610 2824 residuo
1662 2700 1854 2868 aliquo
1901 2703 1959 2821 in
2013 2709 2239 2826 tumulo

712 2873 1021 3037 relinquere
1046 2869 1254 3022 solitoS,
1297 2869 1548 2993 constat:
1594 2871 1665 2989 de
1685 2915 1799 3036 qua
1847 2869 2072 3036 quidem
2102 2919 2237 2995 con·

714 3039 1026 3190 suetudine,
1068 3038 1328 3207 frequens
1357 3035 1662 3162 admodum
1702 3085 1835 3162 curn
1862 3041 2088 3166 inlibris
2115 3075 2237 3167 tum

715 3237 1092 3338 monumento
1115 3241 1370 3332 veterum
1396 3235 1608 3353 mentio
1642 3239 1898 3334 occurrit.

715 3466 900 3620 Mller
927 3465 1115 3586 bibant
1139 3465 1318 3588 molles
1357 3465 1609 3623 lacrymis
1646 3495 1922 3632 unguenta
1931 3465 2183 3628 fauillae¹

718 3633 939 3798 Afflret
968 3633 1074 3755 huc
1098 3663 1375 3802 unguenta
1401 3629 1554 3786 mihi,
1578 3621 1850 3800 statisque
1857 3623 2212 3803 sepulchrum

804 3805 1042 3927 ornabit
1063 3805 1242 3970 custos,
1285 3807 1373 3923 ad
1385 3845 1506 3924 mea
1523 3804 1673 3971 busta
1690 3805 1927 3964 fidem&
2360 3845 2373 3866 ⁸

703 4154 709 4164 .
804 4055 1163 4180 Ficcoronius
1188 4022 1390 4195 urnam
1433 4061 1717 4224 quandam
1747 4061 2016 4228 grandem
2054 4063 2246 4230 paucio

720 4226 923 4348 abhinc
944 4227 1102 4348 annis
1131 4231 1334 4349 Romae
1380 4247 1651 4396 repertam
1691 4266 2111 4386 commemorat,
2154 4233 2244 4354 su·

720 4441 820 4564 pra
842 4441 1013 4564 quam
1034 4393 1230 4564 viginti
1254 4427 1496 4563 quatuor
1522 4399 1744 4524 vascula
1772 4397 1985 4555 fiuifia,
2012 4405 2247 4560 Ollulae,

964 4657 972 4676 .
1683 4615 1687 4624 ’
2147 4615 2247 4739 pa-

782 4925 795 4962 ¹
829 4903 943 4990 Ovid.
966 4903 1065 4990 east.
1091 4935 1131 5023 3.
1163 4913 1265 5018 561.
2145 4836 2154 4850 ·

779 5033 795 5070 ²
825 5025 991 5136 Propert.
1012 5028 1038 5112 l.
1065 5059 1105 5140 3.
1136 5057 1201 5138 15·
1235 5030 1297 5112 De
1312 5031 1488 5116 odoribus
1503 5035 1596 5119 item
1623 5032 1746 5142 hisce,
1772 5035 1812 5118 in
1847 5036 2097 5122 marmoribus
2120 5036 2247 5148 sepul·

714 5135 902 5252 thrasium
924 5151 1067 5232 mentio
1088 5149 1262 5261 frequens
1291 5155 1472 5240 occurrit.

2125 5339 2168 5398 1.
2190 5337 2248 5396 Μ·
