5212 6732
698 607 701 614 ’
853 558 1564 748 rnssunntt
1875 675 1962 792 19

245 823 258 842 ’
433 845 641 962 triavus
652 839 922 1026 firminis&
1009 840 1205 1002 Atque
1233 833 1363 957 hinc
1399 836 1680 1002 Caligula,
1724 868 1790 957 ut
1812 844 1950 960 Sue-

429 1009 617 1128 tonius
638 1007 735 1156 ait,
767 1005 991 1126 Neroni
1011 1003 1308 1155 infantu10,
1358 1049 1564 1124 nomen
1606 1006 1826 1128 Claudii
1855 1054 1951 1175 pa-

429 1210 541 1296 trur
528 1175 667 1323 sui,
712 1099 800 1292 die
830 1174 1053 1294 lustrico
1081 1217 1229 1338 perJ
1204 1175 1399 1328 jocum
1443 1171 1735 1339 imposuit²
1821 1183 1952 1298 Hoc

429 1344 697 1478 lustrandi
715 1343 836 1460 ritu
858 1346 928 1460 ad
953 1347 1209 1462 Deorum
1229 1343 1424 1460 altaria
1457 1337 1707 1504 peraGlO,
1745 1344 1950 1465 amicis-

425 1558 538 1676 que
567 1545 622 1632 et
651 1511 902 1700 cognatis
931 1514 1003 1631 ad
1048 1511 1368 1630 convivium
1404 1508 1679 1698 adhibitis,
1724 1513 1952 1634 nomina

426 1682 626 1800 deinde
669 1679 819 1798 domi
867 1679 1120 1844 imposita
1165 1679 1272 1798 else
1310 1676 1670 1830 videntur3
1655 1722 1712 1796 m
1750 1681 1951 1842 quibus

428 1891 694 1968 numerus
719 1848 1031 1996 vocalium,
1082 1888 1185 2008 par
1229 1879 1332 1966 aut
1374 1845 1566 2009 impar,
1619 1849 1691 1965 ad
1729 1853 1952 1970 morbos

428 2019 692 2182 quosdam
722 2018 1007 2179 pellendos
1036 2013 1264 2133 valuisse
1284 2014 1651 2136 credebatur³.

513 2189 603 2301 Ex
627 2189 733 2302 hac
762 2226 896 2301 vero
939 2180 1325 2332 nominalium,
1369 2181 1451 2302 uti
1480 2185 1807 2335 vocabatur,
1868 2185 1951 2306 so·

427 2354 733 2501 tennitate,
775 2349 1019 2471 Sandlus
1046 2352 1476 2514 Chrysostomus
1506 2347 1764 2472 ridiculas
1791 2356 1954 2518 quas-

426 2523 556 2641 dam
565 2564 923 2640 caeremonias
940 2519 996 2639 in
1013 2519 1311 2640 Ecclesiam
1330 2515 1534 2638 Christi
1550 2518 1836 2642 traductas
1847 2515 1965 2644 else

427 2689 693 2852 queritur
782 2701 822 2758 “
869 2693 1019 2808 Cum
1076 2731 1333 2853 puerum,
1377 2689 1577 2876 inquit,
1628 2689 1950 2858 nominandi

427 2873 463 2930 “
505 2857 621 2977 dies
648 2856 955 3006 advenerit,
983 2899 1017 2974 a
1050 2851 1369 3012 sanelorum
1388 2854 1580 3021 aliquo
1598 2899 1803 2978 nomen
1825 2901 1951 2979 mu-

428 3040 468 3098 “
511 3024 655 3144 tuari
659 3027 853 3190 ,quod
874 3068 910 3142 a
936 2949 1216 3144 veteribus
1240 3021 1356 3156 fieri
1385 3024 1611 3176 solebat,
1655 3007 1808 3144 haud
1827 3024 1950 3194 dig·

427 3208 467 3268 “
510 3226 719 3320 nantes,
766 3192 977 3313 lumina
998 3193 1324 3318 accendunt,
1371 3119 1704 3358 singulisque
1722 3237 1950 3315 nomma

427 3377 461 3436 ‘⁴
504 3362 820 3551 imponunt,
828 3361 1065 3525 eusque,
1075 3362 1227 3526 quod
1237 3391 1447 3480 caeteris
1463 3361 1669 3482 diutius
1685 3363 1949 3552 perdura·

426 3545 470 3608 “
514 3532 675 3681 verit,
736 3572 941 3650 nomen
986 3574 1167 3694 puero
1210 3527 1615 3695 imponendum
1658 3529 1949 3696 arripiunt,

427 3714 466 3772 “
509 3734 775 3900 tanquam
802 3698 932 3819 vitae
956 3701 1227 3866 longaevae
1256 3698 1597 3864 augurium⁵.

1191 3871 1241 3984 C
1291 3911 1324 3984 2
1702 3869 1947 3988 Romani

488 4175 500 4209 ¹
534 4175 679 4253 Sarum.
704 4187 750 4251 1.'
768 4171 832 4250 16.
854 4167 896 4248 it.
914 4167 1047 4276 Pomp.
1067 4165 1165 4248 Fest.
1190 4166 1227 4245 in
1248 4165 1451 4249 Lustricus.
2061 4231 2065 4240 .

486 4301 503 4335 ²
534 4294 579 4372 In
600 4294 744 4372 Neron.
766 4316 799 4370 c.
819 4318 857 4398 ς.
890 4290 951 4370 De
969 4289 1045 4370 hac
1065 4289 1138 4368 diei
1158 4287 1296 4368 lustrici
1316 4289 1436 4396 pueris
1462 4289 1667 4396 puellisque
1684 4288 1851 4396 allignati
1868 4286 1946 4366 dif-

424 4413 590 4514 ferentia,
624 4409 1035 4520 quaeslioneminstitui't
1052 4407 1285 4513 Plutarchus,
1329 4411 1553 4520 causamque
1589 4411 1741 4489 reddere
1775 4429 1942 4490 conatur.

425 4536 565 4640 Qraest.
587 4537 702 4616 Rom.
724 4565 794 4642 99.

485 4666 499 4714 ³
532 4655 628 4740 Plin.
662 4654 762 4738 Hist.
785 4653 840 4734 N.
862 4653 888 4738 l.
911 4655 980 4736 28.
1003 4679 1037 4734 e.
1055 4682 1096 4758 4.

481 4789 501 4838 ⁴
533 4777 695 4860 Tertull.
717 4777 764 4856 de
780 4776 875 4856 Idol.
897 4803 933 4858 c.
958 4780 1024 4860 16.
1049 4835 1054 4848 .

485 4917 498 4967 ⁵
533 4904 655 4983 Hom.
693 4926 758 4981 12.
782 4899 821 4978 in
839 4897 956 5005 Epist.
986 4927 1021 4980 1.
1044 4897 1091 4976 ad
1113 4897 1201 4977 Cor.
1236 4899 1351 5004 Oper.
1369 4897 1421 4977 T.
1443 4923 1482 4977 x,
1506 4911 1543 5006 p'.
1575 4927 1670 5007 107.
1694 4897 1797 4979 Edit.
1825 4899 1944 4976 Bene·

421 5025 571 5108 ditt-
589 5023 677 5102 alios
696 5022 790 5100 item
810 5019 900 5099 ritus
916 5019 1112 5126 quosdam,
1143 5019 1191 5100 ad
1204 5019 1407 5100 infantium
1424 5047 1555 5099 curam
1576 5020 1793 5126 spedarrte3‚
1832 5041 1942 5124 atque

419 5175 440 5226 a
455 5145 656 5256 gentilibus
678 5141 869 5244 deductos,
902 5139 1189 5251 Chrysostomus
1218 5160 1492 5222 commemorat
1501 5179 1513 5237 3
1547 5143 1593 5221 de
1631 5143 1768 5251 quibus·
1804 5140 1856 5218 ita
1877 5139 1955 5230 de-,

1831 5281 1949 5340 mum·
