5042 6724
690 717 841 840 114,
1067 675 1397 802 Tnnu
1442 679 1580 800 nn
1665 679 1838 799 vui.

681 892 827 1043 tine,
871 891 1014 1041 orbe,
1077 885 1285 1036 laevore,
1339 883 1638 1054 pondera.-
1681 925 1810 1046 quae
1847 879 2077 1006 veroin
2127 884 2213 1008 his

683 1067 850 1182 rebus
877 1059 1136 1180 omnibus
1165 1053 1517 1220 praestabant,
1568 1047 1815 1173 immensi
1861 1051 2023 1216 pretii
2071 1055 2212 1176 aesti-

683 1235 996 1354 mabantur.
1084 1224 1235 1346 Hinc
1263 1221 1489 1344 celebris
1516 1221 1635 1342 ista·
1654 1220 1939 1348 historiola
1967 1223 2039 1344 de
2066 1266 2210 1344 mar·

682 1399 862 1564 garita
891 1443 964 1519 ex
991 1437 1125 1515 aure
1159 1393 1416 1515 Metellae
1458 1385 1733 1532 detraEia
1764 1391 1836 1512 ab
1879 1390 2124 1518 Horatio
2153 1426 2210 1516 et

680 1568 863 1691 Plinio
904 1569 1197 1688 celebrata.

682 1907 859 2032 Filius
890 1909 1031 2066 AEso
1064 1901 1413 2026 idetranam
1434 1881 1500 2024 ex
1526 1943 1665 2023 aure
1685 1902 1953 2052 antella,
2024 2017 2028 2024 .
2200 1822 2204 1830 Ι
2326 1819 2331 1832 ¹

682 2074 892 2197 Scilicet
914 2107 977 2196 ut
1003 2077 1172 2194 decies
1181 2073 1420 2226 solidum
1445 2073 1762 2232 exsorberet,
1800 2102 1951 2234 aecta

681 2246 876 2366 Diluit
891 2243 1141 2414 ityigntm
1153 2245 1426 2364 baccam'.

676 2582 946 2704 Vitellius
979 2581 1175 2733 etiam,
1219 2581 1277 2705 in
1303 2583 1675 2702 Germaniam
1701 2621 1738 2700 a
1780 2579 1968 2700 Galba
1995 2577 2202 2732 missua·

2383 542 2399 548 ”

2487 1111 2496 1420 i

677 2785 736 2874 et
763 2752 840 2872 rei
865 2749 1151 2874 saniliaris
1180 2750 1366 2920 inopia
1402 2751 1680 2903 laborans,
1722 2752 1967 2872 unionem
1992 2751 2065 2870 ab
2102 2793 2209 2872 au·
2373 2829 2383 2862 ,-
2495 2897 2496 2908 Ν

678 2959 740 3043 re
765 2925 960 3043 matris
986 2921 1294 3042 detralium
1328 2923 1420 3042 ad
1438 2922 1650 3042 itineris
1669 2921 1929 3088 impensas
1944 2921 2203 3086 pignoraa

375 3173 380 3186 ·
450 3175 475 3242 ·.
675 3095 801 3212 vic
863 3089 1149 3212 traditur&
1274 3093 1481 3256 Atque
1539 3088 1869 3210 Alexander
1945 3093 2201 3241 Severus,

679 3272 720 3332 “
763 3305 939 3450 quum
967 3261 1142 3425 Regis
1170 3258 1347 3380 exteri
1372 3263 1626 3426 Legatus
1646 3257 1873 3424 quidam
1894 3301 2060 3380 uxori
2046 3256 2202 3380 suae

679 3426 998 3550 “uniones
1045 3431 1210 3580 duna,
1260 3428 1451 3596 magni
1501 3426 1758 3594 ponderis
1810 3459 1873 3548 et
1925 3425 2199 3549 inusitatae

543 3591 548 3608 ’
677 3599 1046 3725 “mensurae
1111 3597 1406 3750 obtuliffet,
1479 3596 1647 3718 vendi
1685 3639 1781 3717 eos
1817 3595 1987 3752 juffit
2079 3597 2202 3766 Qu

677 3778 719 3839 “
753 3813 928 3934 quum
954 3767 1196 3932 pretium
1227 3811 1342 3889 non
1394 3768 1717 3895 invenirent,
1762 3810 1833 3886 ne
1870 3770 2201 3933 exemplum

680 3948 723 4016 “
768 3941 980 4059 malum
1023 3981 1058 4055 a
1113 3935 1306 4104 regina
1361 3935 1691 4087 nasceretur,
1724 3934 1761 4056 fi
1818 3979 1887 4055 eo
1929 3964 2199 4086 uteretur,

497 4151 523 4160 ¹·
665 4116 720 4176 33
762 4109 918 4270 quod
967 4106 1075 4225 emi
1097 4149 1212 4226 non
1254 4105 1448 4272 poffet,
1520 4105 1810 4228 inauribus
1838 4103 2077 4300 Veneris
2102 4147 2197 4226 eos

677 4285 716 4345 “
761 4273 1011 4398 dicavit&
1018 4273 1054 4327 ’'

739 4635 755 4672 ¹
788 4617 890 4702 Hire
911 4618 1006 4702 Nat.
1029 4649 1069 4732 9.
1087 4645 1108 4730 3
1118 4645 1158 4730 5.

738 4743 858 4822 *Sat
878 4739 905 4822 1.
925 4769 965 4824 2.
989 4771 1029 4852 3.
1069 4769 1170 4852 239.
1203 4737 1339 4822 Decies
1377 4739 1553 4844 solidum,
1594 4743 1722 4826 Bacca
1741 4741 1855 4850 hujus
1885 4743 2061 4854 pretium,
2110 4745 2195 4823 οᾶο

660 4859 793 4983 *millia
806 4862 992 4945 fibrarum
1006 4863 1251 4972 Anglicarum
1266 4883 1303 4946 et
1315 4864 1441 4974 paullo
1457 4865 1541 4976 plus
1563 4866 1712 4950 valuiffe
1731 4883 1895 4978 putatur⁴

740 5001 755 5052 ³
787 4985 938 5065 Sueton.
960 4985 1000 5064 in
1022 4987 1102 5068 Vit.
1125 5011 1159 5068 c.
1180 5015 1220 5100 7.

736 5121 757 5170 ⁴
788 5105 980 5216 Lamprid.
997 5133 1031 5192 c
1059 5136 1074 5192 1
1086 5136 1124 5218 ς.

927 5291 933 5300 ’
2015 5273 2194 5394 Haud
