5008 6720
697 725 1217 851 Tnnunn
1303 711 1443 851 mr
1719 751 1977 898 145x
2257 649 2261 658 ⁴

401 933 613 1055 Tarsus
648 931 801 1082 item,
833 931 1061 1096 ⁴Ciliciae
1105 935 1461 1096 Metropolim
1507 935 1564 1054 in
1596 938 1838 1058 nummis
2073 943 2077 950 ’

315 1102 440 1254 soie,
485 1104 842 1223 inhonorem
872 1099 1109 1220 Antinoi
1141 1102 1417 1265 peremne,
1461 1106 1743 1271 Apollinis
1785 1101 1836 1223 ei

313 1271 591 1434 symbola'
622 1317 754 1392 cum
785 1269 898 1436 ipso
916 1270 1082 1388 Novi
1107 1267 1293 1432 Pythii
1322 1269 1508 1423 titulo,
1538 1273 1834 1394 attribuit¹.

315 1450 511 1604 Atque
539 1441 637 1560 sub
681 1437 961 1604 Apollinis
998 1436 1241 1558 maxime
1269 1437 1448 1558 forma
1470 1441 1626 1562 illum
1660 1487 1697 1560 -a
1718 1445 1836 1605 ple·
1875 1399 1992 1602 ·)

314 1607 493 1771 risque
520 1609 851 1756 civitatibu8‚
895 1610 1113 1726 cultum
1158 1605 1262 1726 esse
1299 1607 1488 1770 liquet.
1577 1611 1687 1728 Cui
1716 1611 1839 1774 qui-¹

312 1777 441 1896 dem
483 1776 962 1927 De0‚‘s1mulacra
1002 1774 1238 1894 Antinoi
1285 1777 1490 1924 omnia,
1531 1823 1659 1942 quae
1701 1776 1839 1898 mihi

315 1944 499 2063 videre
545 1943 798 2106 contigit,
841 1967 1193 2107 quorumque
1242 1941 1484 2104 plurima
1530 1948 1713 2065 adhuc
1754 1947 1839 2065 ress·

315 2111 483 2260 stant,
526 2142 584 2232 et
612 2114 805 2231 habitu
841 2109 1107 2274 corporiS,
1152 2139 1209 2230 et
1240 2107 1377 2229 facie
1426 2112 1538 2278 ipsa
1568 2158 1736 2280 quam
1774 2113 1840 2233 lr-
1991 2142 1995 2150 '

313 2280 541 2399 millima
562 2309 845 2445 apparent.
1230 2327 1235 2334 ·

402 2454 489 2568 At
515 2492 650 2566 vero
672 2447 926 2567 insanum
955 2452 1106 2584 hunc
1130 2446 1370 2568 Antinoi
1394 2445 1646 2598 ‘cultum'
1662 2454 1731 2572 ab
1747 2496 1840 2573 or-

313 2651 380 2738 tu
409 2615 538 2736 licet
555 2649 689 2768 ‘tam
710 2614 902 2735 infami
921 2614 1259 2780 profeemm,
1306 2663 1420 2738 non
1444 2621 1733 2740 Hadriano
1754 2620 1840 2740 so-

316 2788 436 2907 lum
481 2783 725 2940 vivente,
785 2785 895 2935 sed,
955 2788 1107 2948 quod
1168 2783 1485 2906 mirandum
1528 2786 1701 2951 magis
1739 2789 1838 2940 est,

314 2955 439 3119 post
466 2981 703 3075 mortem
731 2954 849 3106 ejus
892 2951 991 3070 diu
1040 2951 1293 3102 floruiffe,
1338 2957 1506 3118 atque
1555 2953 1840 3075 aSanelis
1892 2953 1898 2960 ²

315 3121 598 3241 Ecclesiae·
621 3122 889 3285 patribuS,
933 3120 1233 3285 gentilibus
1283 3121 1424 3286 saepe
1466 3119 1840 3288 exprobatum
1931 3265 1941 3282 ·

188 3373 203 3403 .
316 3289 424 3408 elle
453 3288 702 3454 legimus,
741 3423 743 3426 ,
789 3287 999 3410 Nares
1025 3291 1254 3407 Antinoi
1259 3281 1461 3445 saera,
1489 3281 1689 3454 'inquit
1710 3297 1840 3411 Cle-

315 3502 492 3606 mem,
535 3463 700 3578 etiam
726 3454 878 3575 hodie
905 3460 977 3575 ab
992 3453 1283 3574 bominibus
1303 3459 1674 3578 celebrantur:
1702 3489 1838 3626 quar

315 3631 383 3776 is,
425 3631 523 3791 qui
548 3639 668 3744 eam
699 3654 872 3789 puero
912 3626 1254 3790 vigilaverat,
1298 3625 1478 3788 turpes
1524 3625 1619 3790 ff
1660 3673 1838 3794 cogro-

314 3800 410 3915 vit.
499 3795 668 3958 Qid
682 3793 820 3912 mihi
843 3837 962 3910 eam
989 3796 1132 3912 inter
1170 3799 1322 3912 Deos
1360 3797 1558 3952 refers,
1602 3799 1701 3960 qui
1714 3799 1837 3957 sta*

305 3967 430 4130 pris
458 3957 703 4080 honorem
750 3963 906 4107 illum
954 3965 1192 4080 meruit?
1234 3961 1623 4125 Hieronymus
1669 3964 1838 4084 etiam

312 4129 695 4299 Hegefippum
734 4127 811 4248 ita
860 4159 1182 4290 querentem
1208 4126 1475 4281 'inducit3
1526 4144 1565 4202 “
1608 4131 1837 4252 Tumu-

380 4475 514 4555 ¹Vid.
536 4475 754 4554 Buonarott.
775 4471 919 4581 ibidrp.
942 4477 1011 4582 36.
1075 4474 1183 4554 Nam
1203 4499 1252 4554 ex
1272 4475 1448 4555 omnibus
1463 4473 1706 4582 antiquorum
1728 4473 1834 4574 Deis,
1976 4472 1983 4495 ⁵

314 4597 459 4676 nonnisr
478 4595 547 4675 hos
568 4595 661 4674 duos
682 4595 818 4675 eximia
840 4595 1005 4702 quadam
1025 4597 1096 4676 oris
1116 4597 1319 4697 venustate,
1352 4615 1604 4704 perpetuaque
1636 4596 1836 4702 juventute

314 4719 501 4828 infignitos
516 4717 686 4822 legimus.

343 4829 377 4938 Ἀ
496 4829 589 4920 Solis
617 4853 759 4938 aterna
778 4833 985 4942 estPhabo,
1019 4836 1230 4945 Bacchoque
1250 4835 1432 4942 juventa,
1822 4939 1824 4942 Ι

560 4963 662 5042 Nam
678 4959 779 5039 decet
798 4959 957 5066 intorssrs
978 4959 1094 5038 crinis
1114 4975 1305 5064 utrumque
1321 4964 1455 5042 Deum.
1532 4957 1662 5044 Tibul.
1683 4961 1710 5046 l.
1740 4989 1774 5044 1.
1792 4991 1833 5067 4.

434 5127 559 5146 -—
681 5077 769 5162 Tibi
781 5081 876 5160 enim
895 5081 1147 5191 inconstrmpta
1166 5081 1374 5190 Juventus,
1406 5133 1426 5170 .

436 5199 493 5284 Tu
503 5223 600 5314 puer
620 5218 777 5286 aranas
794 5247 918 5269 --
954 5189 958 5198 ¹
1039 5245 1165 5273 ι·-
1206 5207 1282 5284 Ov.
1300 5205 1397 5287 Met.
1419 5203 1446 5286 l.
1464 5221 1516 5312 45·
1530 5232 1595 5318 17.
1611 5203 1658 5285 de
1675 5202 1835 5288 Baccho.

1205 5322 1266 5440 T
1752 5324 1835 5440 los
