5008 6706
642 621 794 796 ¹248
1054 631 1375 762 TABU
1417 633 1472 756 L
1517 636 1580 757 A
1664 632 1842 754 XXI.

658 838 790 960 dem
816 837 981 1004 plane
1009 835 1128 958 avis
1158 833 1416 985 formam,
1459 833 1519 954 in
1552 831 1809 954 Obelisco
1853 829 2182 1000 Pamphilio,
2219 889 2220 892 ‘

658 1003 856 1170 saepius
875 1002 1199 1172 descriptam
1225 999 1630 1168 animadverti,
1676 1045 1847 1168 quam
1866 999 2181 1152 Kirchenrs,

658 1173 1252 1340 Hyeroglyphicorum
1291 1171 1520 1294 istorum
1550 1169 1824 1336 interpres
1853 1169 2184 1336 diligentissi-

659 1385 807 1493 mus,
852 1341 995 1462 lbim
1038 1341 1294 1466 cirratam
1339 1341 1630 1508 appellat¹.
1735 1338 1951 1460 Nostra
1997 1368 2180 1460 autem

658 1509 777 1658 avis
805 1553 880 1630 ex
927 1510 1182 1632 anserum
1239 1507 1446 1679 potiuS,
1486 1537 1787 1628 anatumve
1834 1550 2039 1674 genere
2081 1505 2183 1628 esse

659 1676 914 1800 videtur:
958 1679 1312 1845 sculptorque
1361 1672 1704 1844 profe&0,s1
1743 1675 1886 1797 lbim
1910 1674 1970 1795 in
1995 1673 2182 1798 animo

660 1843 981 2012 fingendam
1008 1848 1283 1999 habuerit,
1327 1845 1539 1968 nonnisr
1567 1841 1819 2012 imperite
1837 1879 1840 1888 ’
1859 1876 1963 1964 aut
2010 1842 2181 2012 negli-

660 2045 856 2180 genter
877 2033 1001 2136 e'am
1029 2015 1244 2138 finxisse
1286 2014 1591 2136 censendus
1628 2011 1949 2133 est-Avis
1998 2043 2184 2134 autem

660 2181 795 2348 ipsa,
838 2181 1105 2352 floresque
1132 2184 1320 2306 itidem
1350 2182 1480 2303 hinc
1520 2181 1648 2302 inde
1677 2181 2008 2332 enascentes,
2051 2181 2184 2302 item

660 2393 727 2469 ac
755 2351 812 2471 in
836 2351 947 2471 alio
969 2353 1150 2517 lapide
1164 2353 1327 2518 supra
1345 2347 1609 2501 vidimus,
1656 2393 1874 2511 evena,
1914 2350 2010 2472 seu
2033 2389 2184 2470 zona

660 2518 917 2671 candida,
960 2521 1050 2642 cui
1081 2523 1330 2654 Achates
1363 2519 1568 2642 nitidus
1601 2518 1916 2664 ‚substratus
1953 2517 2054 2668 est,
2089 2560 2185 2636 ex·

661 2687 1004 2853 sculpuntur.
1092 2694 1179 2811 At
1228 2687 1452 2810 veroin
1493 2685 1727 2856 gemmis
1771 2685 2033 2841 ejusmodi
2065 2731 2183 2808 om·

660 2855 841 2983 nibus,
885 2857 1174 3024 sculptoris
1217 2855 1505 3025 ingenium
1553 2853 1847 3005 coassiari,
1907 2899 2007 2975 nec
2049 2855 2183 3020 quid

661 3023 771 3188 ipse
798 3027 954 3178 velit,
996 3028 1089 3147 sed
1117 3025 1251 3194 quid
1280 3070 1439 3148 venae
1466 3023 1622 3146 istius
1665 3056 1867 3146 natura
1909 3022 2183 3175 admittat,

661 3190 873 3360 fingere
900 3196 1149 3346 omnin0,
1192 3193 1403 3315 necesse
1432 3195 1540 3317 estc
1584 3193 1663 3316 ita
1710 3224 1780 3316 ut
1814 3236 1961 3359 opus
1986 3192 2180 3359 ipsum,

661 3363 963 3484 venustum
1012 3363 1140 3485 licet
1180 3405 1245 3484 ac
1291 3361 1602 3529 speciosum,
1676 3406 1801 3482 raro
1851 3395 2038 3484 tamen
2086 3405 2181 3480 ex·

664 3526 946 3693 quisrtum,
990 3563 1160 3700 atque
1202 3532 1357 3653 omni
1390 3561 1562 3700 parte,
1621 3532 1937 3653 absolutum
1986 3529 2182 3700 reperi·

664 3740 842 3820 amus.
982 3817 987 3828 .

1149 4057 1188 4174 S
1217 4055 1267 4172 E
1298 4049 1456 4176 CT.
1530 4049 1701 4182 XIV.

809 4366 1005 4482 Emma
1048 4361 1260 4484 decima
1291 4395 1508 4528 quarta,
1553 4361 1725 4529 Lapis
1779 4358 2185 4484 Chalcedonius

846 4532 939 4658 est,
985 4531 1205 4651 caerulei
1250 4532 1466 4684 coloriS,
1509 4534 1803 4684 rotundus,
1863 4528 2182 4700 globulique

598 4767 599 4772 κ
664 4700 733 4814 ad
765 4699 933 4820 instar
961 4699 1229 4820 dimidiati
1257 4744 1564 4852 convexus,
1608 4700 1699 4820 cui
1744 4701 1939 4822 litteris
1987 4698 2182 4853 majus·

663 4869 803 4988 culis
831 4912 895 4987 ac
922 4867 1205 5036 quadratis
1249 4869 1575 5022 inscribitur,
1622 4907 1983 4991 TRIVMPHVS
2033 4908 2184 5016 QVA·

1056 5106 1068 5143 ¹
1101 5101 1266 5190 osenn.
1284 5105 1475 5220 Pamphi.
1503 5132 1541 5216 p.
1567 5107 1673 5218 489,
1694 5077 1798 5218 49'5.

1926 5261 2183 5372 nonunt,
2315 5263 2319 5274 ·
