5008 6720
704 575 824 728 {80
1032 563 1098 688 T
1129 569 1268 725 AB
1309 569 1367 688 U
1411 567 1557 688 LA
1630 569 1832 696 XVII.
1955 560 1961 584 ’

695 775 902 898 mirum
922 768 1163 921 videtur,
1206 768 1358 934 quod
1387 775 1460 890 ad
1498 809 1783 888 armorum
1812 809 2007 890 eorum
2051 766 2221 892 sabri-

696 985 839 1091 cam,
911 981 1154 1105 quorum
1200 936 1284 1056 vis
1327 935 1607 1098 virtusque
1657 933 1838 1056 omnis
1885 979 1959 1058 ex
2007 941 2222 1063 metalli

696 1107 916 1258 duritie,
961 1095 1344 1270 mucronisque
1371 1103 1667 1226 subtilitate
1704 1091 1967 1270 pendent,
2022 1151 2111 1248 ,aes
2133 1139 2219 1230 ta·

697 1323 824 1400 men
855 1273 1237 1398 adhiberetur:
1284 1317 1415 1396 nam
1437 1273 1513 1396 ita
1528 1273 1634 1395 sese
1657 1317 1774 1394 rem
1791 1273 2053 1424 habuisse,
2097 1278 2218 1398 haec

696 1453 882 1602 nostra
909 1442 1290 1592 instrumenta,
1351 1473 1519 1607 atque
1562 1440 1672 1564 alia
1717 1440 1958 1596 ejusdem
2005 1445 2219 1608 generis

695 1615 995 1782 permulta,
1022 1609 1077 1732 in
1103 1609 1251 1730 libris
1280 1610 1468 1778 paffim
1497 1610 1781 1775 descripta,
1809 1611 2215 1736 demonstmutr

695 1829 824 1948 quae
882 1779 1111 1945 quidem
1133 1781 1322 1900 omnia
1375 1780 1499 1945 post
1553 1777 1763 1900 serrum
1811 1777 2106 1902 inventum
2145 1823 2218 1900 ex

693 1997 804 2094 aere
834 1947 1098 2072 fabricata
1124 1947 1248 2097 else,
1294 1946 1779 2114 promiscuumque
1818 1948 1918 2070 diu
1960 1992 2091 2073 cum
2112 1947 2217 2072 ser·

551 2269 561 2276 .
693 2163 761 2242 ro
800 2119 916 2288 ipso
964 2118 1129 2238 usum
1167 2115 1479 2269 obtinuilse‚
1523 2113 1876 2238 certissimum
1900 2117 1991 2236 est
2088 2118 2219 2238 Vir·

630 2383 645 2394 ..
692 2287 860 2456 gilius
886 2285 1054 2437 enim,
1097 2327 1265 2451 quem
1287 2285 1357 2404 de
1389 2285 1554 2436 ferro,
1597 2315 1865 2449 tanquam
1906 2329 2113 2452 pugnae
2150 2331 2219 2410 ac

691 2456 876 2578 Marti
931 2453 1196 2622 propri0,
1271 2455 1595 2618 loquentem
1651 2453 1824 2574 modo
1874 2449 2220 2606 induximtu,

692 2625 878 2746 hastas
904 2655 1113 2774 tamen,
1156 2619 1413 2790 ensesque
1439 2663 1504 2744 ac
1530 2663 1721 2790 proras
1758 2619 1936 2746 etiam
1964 2619 2218 2776 navium,

692 2824 890 2916 aeratas
911 2822 1094 2916 Vocat.

693 3053 1024 3214 AErotaeque
1038 3049 1244 3168 micant
1257 3043 1441 3216 pcltae,
1483 3046 1649 3168 micat
1676 3093 1845 3170 oreas
1869 3049 1997 3214 enfis
2008 3067 2041 3170 ¹.
2200 3029 2208 3037 ⁵
2238 3055 2241 3064 ’

693 3225 847 3388 Qot
861 3219 1021 3384 prius
1061 3245 1245 3338 aerotae
1258 3217 1525 3382 steterant
1549 3219 1637 3335 ad
1674 3217 1860 3339 littora
1867 3233 2097 3386 prorae¹.

693 3479 969 3594 Attamen
995 3466 1309 3624 hujusmodi
1334 3475 1538 3599 omnia,
1568 3501 2074 3594 commentatorum
2101 3475 2218 3638 ple-

693 3643 892 3805 rosque
919 3671 1191 3806 tanquam
1219 3638 1434 3804 poetice
1460 3635 1634 3792 diota,
1700 3639 2044 3806 interpretari
2086 3643 2214 3794 sci0,

693 3841 751 3930 et
790 3855 882 3938 aes,
924 3851 1124 3928 vocem
1156 3809 1396 3928 metallis
1430 3807 1689 3930 omnibus
1706 3853 2064 3954 communem
2090 3814 2213 3964 elle,

693 4023 806 4099 nec
841 3977 936 4098 nisr
989 3977 1058 4096 de
1104 3974 1249 4096 ferro
1291 3973 1350 4096 in
1397 3976 1508 4097 istis
1546 3977 1680 4098 locis
1723 3977 1956 4146 intelligi
1994 3982 2212 4130 debere,

692 4147 1043 4269 contendunt
1059 4159 1095 4265 ³.
1181 4145 1292 4264 Sed
1310 4143 1495 4312 gladii
1515 4147 1615 4314 ipſs
1641 4151 1792 4299 aenei,
1836 4147 2214 4316 hastarumqui

583 4413 586 4418 -
692 4350 746 4437 ot
755 4320 1097 4483 sagittarum
1123 4316 1353 4480 cuspides
1373 4357 1438 4432 ox
1462 4361 1568 4436 aere
1582 4359 1784 4482 quoque
1801 4318 2057 4476 conflato,
2077 4362 2214 4482 qua·

620 4593 623 4608 .
692 4531 820 4610 rum
848 4484 1044 4649 ingens
1070 4487 1237 4652 plane
1258 4525 1525 4606 numerus
1552 4528 1626 4605 ex
1669 4485 1821 4606 urbis
1848 4485 2094 4652 antiquae
2119 4531 2213 4606 ru·

757 4737 894 4878 ²mn.
917 4827 959 4910 7·
980 4825 1082 4908 743·
1520 4796 2003 4908 ²ib.9.122.it.463.

755 4927 770 4978 ³
800 4917 890 5000 Vid.
921 4918 1045 5000 Notas
1067 4918 1167 5003 Lud.
1189 4917 1237 5002 de
1266 4919 1303 5002 la
1336 4917 1458 5002 Cerdo
1478 4917 1520 5004 in
1537 4919 1646 5040 llirg.
1670 4919 1762 5003 AEn.
1782 4945 1822 5006 x.
1858 4920 1964 5030 482.
1984 4919 2027 5006 it.
2042 4922 2208 5004 Fabrett.

573 5069 580 5084 ¹
690 5043 774 5128 eol.
792 5039 897 5150 Traj.
930 5070 1025 5151 109.
1122 5145 1126 5154 q

760 5175 761 5178 ‘
1991 5161 2210 5287 deribus

2447 983 2458 1374 l
