5008 6720
367 621 372 630 ⁸
537 745 541 754 .
717 647 835 800 146
1135 633 1604 774 TABULA
1687 636 1832 764 XII.

711 859 751 918 “
794 848 880 967 los
924 839 1179 994 mortun,
1222 845 1544 1009 templaque
1571 837 1842 992 fecerunt,
1886 837 2023 962 ficut
2064 842 2236 964 hodie

711 1028 754 1088 “
795 1013 966 1179 usque
993 1012 1272 1133 videmus:
1310 1011 1569 1178 equibus
1597 1009 1677 1130 est
1704 1039 1762 1132 et
1789 1009 2100 1165 Antinous,
2129 1013 2234 1138 ser··

624 1217 629 1225 ’
713 1179 771 1260 “’
794 1227 901 1304 vus
929 1178 1201 1302 Hadriani
1253 1179 1501 1330 Caiatia
1545 1179 1637 1302 cui
1685 1209 1743 1300 et
1771 1179 2071 1348 gymnicus
2085 1225 2233 1350 agon

512 1389 632 1447 Α

713 1366 754 1426 “
796 1380 1085 1472 exercetur
1100 1348 1428 1476 Antinoius,
1459 1347 1868 1514 Civitatemque
1892 1393 1967 1470 ex
1993 1352 2111 1506 ejus
2124 1388 2234 1472 'no-

714 1533 755 1592 “
778 1519 947 1641 ‘mine
976 1517 1236 1644 condidit,
1281 1549 1338 1638 et
1357 1516 1548 1640 statuit
1571 1519 1876 1683 Prophetas
1898 1517 1956 1638 in
1977 1523 2186 1684 templo
2196 1537 2232 1640 ⁸.

714 1700 756 1929 Ζ
801 1687 1136 1907 Pandantius
1167 1687 1408 1852 denique
1450 1687 1509 1807 in
1543 1688 1764 1808 cultum
1789 1687 1912 1840 ejus
1952 1688 2033 1808 ita
2085 1689 2235 1810 inve-

796 1858 965 1977 h1tur.
1008 1883 1011 1890 “
2229 1895 2233 1906 ’

715 2113 882 2276 Quid
899 2111 1090 2274 loquar
1115 2113 1412 2232 Antinoum
1433 2109 1620 2274 calesti
1638 2111 1773 2260 sede
1799 2103 2076 2234 locatum?

716 2280 882 2402 Illum
909 2278 1127 2401 delicias
1155 2324 1295 2400 nunc
1323 2281 1475 2400 Divi
1491 2280 1803 2444 Principia
1848 2277 2000 2399 illum

717 2455 1004 2616 Purpureo
1030 2451 1088 2566 iu
1105 2451 1308 2616 gremio
1320 2445 1615 2616 spoliatum
1623 2449 1778 2606 sorte
1811 2447 1984 2598 virili,

718 2620 1116 2784 Hadrianique
1136 2621 1261 2742 Dei
1278 2618 1665 2792 Ganymedem
1711 2659 1816 2735 non
1836 2605 2043 2780 cyathn
2062 2620 2209 2740 Diis

652 2791 657 2798 ’
719 2794 978 2954 Fugere,
1003 2789 1119 2944 stad
1158 2787 1326 2906 mealia
1371 2787 1712 2908 recubantem
1755 2829 1877 2905 cnm
1923 2789 2071 2952 Jove
2110 2785 2249 2946 sulss

805 2953 1011 3078 chro'?

806 3209 1030 3376 Figurae
1050 3209 1227 3364 ¹hujus
1256 3211 1396 3332 bafis
1422 3251 1590 3375 opere
1617 3207 1764 3332 item.
1787 3208 2036 3374 antiquo,
2078 3241 2242 3376 atque

724 3377 948 3666 {gaggio
976 3377 1261 3668 exsffilpsta
1293 3377 1531 3666 eghdsst
1546 3421 1715 3666 lieri}
1728 3423 1763 3499 a
1793 3375 2245 3668 lMongfapconio

764 3591 1038 3698 uum‚e
1143 3588 1274 3667 ueo
1356 3591 1416 3666 ar
1512 3589 1612 3668 als
1717 3579 2243 3714 uanenecnpta,

468 3833 471 3840 .
520 3865 527 3886 Ι
726 3761 791 3836 ac
820 3719 963 3836 Deae
980 3715 1170 3836 Vestae
1186 3713 1412 3882 imagini
1433 3713 1700 3870 adjunRa
1715 3715 1956 3838 cernitur
1970 3735 2007 3835 ³.
2054 3727 2247 3880 Quam

728 3884 953 4048 quidem
982 3885 1104 4051 post
1141 3917 1379 4006 mortem
1422 3877 1757 4038 cardinalis,
1800 3884 2051 4006 aVestae
2081 3889 2249 4006 leun·

727 4055 855 4172 cula
884 4053 1005 4205 ista,
1049 4052 1176 4172 casu
1221 4051 1402 4174 nescio
1443 4098 1573 4218 quo,
1637 4049 1941 4210 sejunoiam
1985 4086 2152 4219 atque
2191 4053 2247 4172 in

727 4222 1000 4387 Angliam
1027 4219 1338 4375 adveniam,
1387 4221 1496 4388 ipse
1523 4225 1702 4389 pretio
1727 4223 2038 4375 emendam,
2083 4257 2248 4388 atque

727 4391 800 4512 ad
821 4390 1062 4513 Antinoi
1089 4391 1259 4512 nostri
1281 4391 1522 4564 effigiem
1544 4393 2072 4534 accommodandam
2092 4421 2248 4514 cura·

790 4746 807 4782 ³
836 4731 961 4814 clem.
980 4732 1093 4814 Alex.
1116 4730 1276 4818 Cohort.
1298 4736 1347 4816 ad
1376 4735 1493 4822 Gent.
1522 4763 1560 4845 p.
1583 4765 1611 4843 4
1617 4765 1655 4848 3.
1677 4735 1782 4822 Edit.
1803 4738 1938 4824 Onon.
1964 4755 2004 4818 et
2021 4737 2182 4822 Hieron.
2202 4733 2246 4816 de

724 4850 827 4934 Vnis
842 4849 1019 4936 Illustrib.
1040 4853 1079 4936 in
1099 4857 1328 4967 Hegefippo.
1351 4857 1445 4940 item
1472 4859 1609 4944 Euseb.
1637 4859 1739 4944 ffist.
1759 4859 1867 4944 Eccl.
1888 4861 1916 4946 l.
1940 4893 1983 4969 4.
2004 4887 2038 4944 c.
2064 4861 2102 4943 8.

786 4981 803 5016 ²
833 4975 930 5056 Con.
951 4975 1054 5082 Sym.
1072 4976 1099 5058 l.
1128 5005 1285 5092 1.271.

781 5097 800 5190 .²
832 5094 1023 5208 supplem.
1040 5095 1129 5183 Vol.
1160 5129 1196 5188 1.
1219 5101 1246 5185 l.
1275 5131 1317 5186 2.
1349 5130 1382 5186 c.
1407 5133 1446 5216 5.
1469 5033 1579 5190 Tabi
1601 5106 1642 5190 ό.
1662 5129 1704 5214 p.
1726 5103 1801 5217 38.

712 5277 718 5288 '
1290 5263 1317 5342 Ι
