5212 6732
606 747 611 756 ·
706 685 786 804 16
1167 673 1642 801 TABULA
1714 677 1792 800 11.

785 877 1031 998 Puerum
1053 901 1244 994 autem
1271 869 1332 994 in
1366 903 1572 996 terram
1590 865 1893 1030 abjestum,
1934 867 1974 992 fi
2023 915 2231 1037 paren.

700 1078 784 1169 tes
811 1047 960 1166 alere
978 1035 1359 1192 decrevissent,
1401 1041 1558 1209 quod
1593 1081 1712 1160 non
1749 1035 1860 1158 line
1901 1044 2230 1166 consultati·

699 1257 810 1336 one
836 1213 1083 1378 quadam
1108 1243 1166 1332 et
1191 1209 1586 1332 deliberatione
1630 1203 1810 1329 secisse
1829 1205 2111 1366 videaur,
2152 1217 2232 1336 ab
2385 1217 2428 1286 „·
2579 1155 2580 1198 i

700 1385 881 1504 luuno
905 1409 1064 1550 pater
1093 1381 1289 1502 tollere
1315 1375 1541 1501 solebat.

828 1627 1458 1804 Qicquidpepenffent‚
1498 1633 1847 1754 decreverunt
1872 1627 2091 1754 tollerc'.

703 1888 940 2048 Consulti
946 1887 1105 2046 sunt,
1131 1883 1316 2050 inquit
1331 1889 1563 2036 Seneca,
1603 1889 1670 2004 de
1685 1887 1833 2006 nobis
1838 1913 2094 2054 parentes
2112 1889 2232 2046 my?-

490 2062 496 2076 ’
698 2063 793 2186 tri,
871 2060 1079 2177 uicum
1118 2057 1460 2174 conditionem
1505 2057 1631 2174 vitae
1655 2057 1934 2214 noscerent,
1976 2056 2038 2174 in
2083 2053 2227 2178 hanc

700 2103 873 2384 nord
911 2222 1168 2347 ulerunt&
1255 2221 1408 2342 Hinc
1424 2223 1586 2342 deam
1605 2219 1893 2384 quandam
1913 2223 2223 2374 levanam,

702 2392 902 2516 liberos
923 2389 1144 2514 levandi
1163 2385 1472 2512 auslricern
1495 2421 1667 2556 atque
1687 2385 1990 2556 praesidem,
2018 2391 2226 2512 Romae

700 2557 839 2694 olim
865 2555 1101 2682 extitisse
1130 2555 1406 2724 legimus&

786 2729 1140 2848 infantulum
1167 2725 1298 2844 dein
1326 2721 1618 2873 lustrandi,
1662 2721 1930 2889 sacrisque
1977 2724 2231 2848 initiandi

700 2895 1040 3048 solennitas,
1107 2891 1310 3064 quinto
1369 2893 1495 3063 post
1541 2921 1764 3060 parturn
1811 2893 1922 3044 die,
1985 2895 2232 3018 celebra·

700 3093 760 3186 ta
787 3061 913 3186 fuit

701 3319 862 3482 Qin
888 3319 1029 3440 Diis
1055 3315 1378 3474 fircrtifcare
1402 3311 1557 3437 hone
1572 3344 1679 3486 pro
1696 3343 1867 3484 puero
1891 3317 2029 3470 voh,

701 3487 911 3650 Qinto
937 3487 1023 3604 die
1049 3487 1198 3652 quod
1212 3485 1412 3646 fhcere
1454 3501 1692 3652 oportet⁴.

702 3736 816 3857 Hit
840 3737 978 3858 ritus
1005 3737 1304 3896 ἄμφιὸςὸμια
1329 3781 1365 3858 a
1386 3737 1601 3860 Graecis
1642 3737 1862 3892 dicitur,
1904 3737 2039 3904 quia
2083 3765 2230 3906 pue'r

703 3901 902 4026 scilicet
926 3903 1070 4048 circa
1123 3902 1336 4058 focum,
1386 3951 1555 4071 quem
1599 3911 1856 4031 Deorum
1903 3909 2232 4032 domestico-

702 4115 829 4194 rum
856 4073 1039 4194 sedem
1055 4073 1342 4242 propriam
1351 4073 1455 4199 elle
1471 4079 1785 4247 putabant&
1815 4080 1886 4200 ab
1914 4075 2230 4232 obstetrice,

764 4401 782 4440 ¹
811 4383 953 4464 Teren.
975 4383 1079 4465 And.
1106 4411 1141 4468 1.
1168 4411 1207 4494 3.
1234 4411 1308 4494 ¹4²

763 4535 780 4576 ι
811 4505 873 4586 De
895 4506 1071 4588 consolat.
1087 4505 1134 4586 ad
1149 4507 1273 4589 Marc.
1296 4533 1331 4590 c.
1360 4507 1433 4594 18'.

765 4663 780 4718 ς
810 4627 977 4738 August.
993 4627 1041 4708 de
1059 4627 1145 4710 eiv.
1164 4627 1217 4713 D.
1239 4629 1295 4714 iv.
1311 4627 1369 4712 xi.

760 4777 782 4828 o
811 4745 931 4836 Plaut.
950 4751 1068 4830 Truc.
1089 4777 1133 4832 2.
1152 4777 1195 4852 4.
1645 4787 1649 4798 ·

764 4869 899 4950 ovid.
918 4867 1062 4951 Platon.
1095 4869 1141 4949 de
1174 4869 1287 4978 legib.
1318 4871 1352 4954 l..
1371 4899 1436 4956 ιι.
1469 4877 1586 4984 oper.
1619 4877 1672 4960 T.
1696 4903 1735 4962 2.
1756 4903 1795 4988 p.
1831 4903 1932 4988 955.
1984 4875 2087 4959 Edit.
2115 4875 2228 4958 Heu.

700 4985 829 5096 steph.
893 4993 1023 5096 Qern
1058 4991 1212 5098 quidem
1231 4992 1361 5074 locum
1382 4995 1516 5077 (locro
1536 4997 1891 5106 ininterpretatum
1926 4991 2048 5080 Terra
2082 4995 2228 5104 igitur„

698 5127 743 5198 ut
764 5111 893 5216 uacus„
922 5107 1140 5195 domicilium
1161 5111 1315 5224 sacrun
1334 5114 1488 5200 onmium
1504 5119 1670 5203 Deorum
1689 5117 1753 5222 esta
1810 5121 1874 5205 De
1890 5119 2026 5232 Legib.
2043 5117 2070 5200 l.
2091 5146 2133 5204 a.
2153 5119 2227 5202 18..

2055 5233 2227 5357 celeri
