5070 6712
687 629 817 748 (34Ι
1009 584 1070 710 τ
1100 587 1239 740 ΑΒ
1282 591 1339 708 u
1374 591 1570 711 uu
1613 591 1813 728 ,κω

684 793 891 916 infidus
919 791 1024 916 elle
1051 789 1315 912 traditur.
1347 830 1445 954 qur
1430 792 1912 947 ''Hannibalem‚
1886 837 2006 950 Jam
2033 793 2218 918 senem

686 963 1013 1154 admodum,
1053 993 1223 1124 atque
1250 961 1321 1080 ad
1351 963 1402 1077 le
1431 959 1859 1130 profugum,
1804 1009 1861 1084 nr
1893 1003 2110 1084 veneno
2140 963 2218 1084 se-

688 1129 742 1252 se
771 1135 921 1296 prius
966 1129 1075 1297 ipse
1102 1125 1397 1278 occidisset,
1463 1133 1739 1252 Romanis
1788 1132 2097 1252 traditurus
2141 1132 2219 1252 es·

688 1305 829 1432 set&
904 1299 1198 1422 Antiocho
1240 1298 1388 1418 enim
1418 1297 1663 1492 devidlo,
1707 1333 1777 1422 et
1798 1301 1992 1422 Perseo
2021 1305 2235 1424 Mace.

692 1475 859 1618 done,
923 1516 1012 1622 cuj
1016 1515 1082 1588 us
1138 1467 1448 1586 sororem
1434 1514 1491 1588 m
1548 1467 1905 1592 matrimonio
1961 1471 2220 1616 duxerat,

691 1638 919 1806 captivo
949 1643 1194 1757 Romam
1229 1632 1427 1790 dule,
1479 1643 1873 1760 Romanorum
1914 1638 2225 1804 potentiam

692 1809 867 1997 usque
890 1852 957 1926 eo
986 1805 1301 1928 extimuisse
1330 1803 1525 1960 fertur,
1568 1818 1609 1879 “
1651 1841 1720 1930 ut
1768 1807 2004 1975 pileatus
2032 1840 2107 1930 et
2131 1849 2223 1931 ca*

696 1971 730 2048 “
755 1979 889 2144 pite
917 1977 1037 2098 raso
1065 1975 1351 2096 obviam
1337 2021 1414 2096 rte
1451 1977 1698 2144 Legatis,
1739 1979 2148 2143 libertumque
2171 1977 2225 2097 se'

697 2159 737 2220 “
783 2147 985 2313 Populi
1016 2143 1343 2268 Romanid
1330 2189 1468 2267 rcere
1486 2147 1742 2300 soleret3
1760 2181 1818 2270 et
1852 2151 2058 2270 Romae
2080 2189 2229 2311 quo·

698 2327 737 2390 “
780 2361 891 2484 que
920 2361 1097 2481 quum
1121 2314 1332 2436 veniret
1374 2315 1431 2436 in
1475 2315 1708 2468 curiam,
1770 2315 2108 2440 summittere
2139 2314 2228 2469 se,

681 2497 752 2621 1‘..‘.
781 2521 839 2611 ot
879 2488 1079 2619 osculo
1120 2484 1288 2606 limen
1332 2485 1499 2606 curiae
1543 2485 1904 2653 contingere,
1964 2515 2052 2606 et.
2070 2485 2228 2606 Deos

530 2653 536 2669 ⁸
701 2669 741 2852 l‘
769 2659 1085 2780 *servatores
1115 2654 1259 2800 su08,
1302 2653 1553 2778 senatum
1578 2659 1932 2823 appellare².=
1995 2717 1998 2728 =

522 2919 526 2926 -
708 2827 1083 2992 Appiauus
1104 2867 1236 2962 eum
1264 2825 1427 2983 facie
1469 2823 1743 2978 illiberali,
1784 2869 1852 2946 ac
1879 2823 2102 2990 statura
2126 2853 2226 2996 pu·

683 2939 789 3166 sill
779 3039 818 3118 a
759 2992 1025 3120 lsuilse
1062 2992 1292 3115 scribit³.
1382 3000 1470 3118 At
1508 2993 1808 3161 sculptores
1857 2992 1944 3116 isti
1996 3022 2228 3144 veteres,

701 3209 953 3358 quorum
970 3207 1101 3315 are,
1122 3162 1360 3355 perinde
1377 3209 1441 3285 ac
1473 3161 1778 3318 Filiorum,
1824 3160 2114 3289 ornatiora
2146 3158 2227 3281 fe-

564 3363 762 3458 ΜΨτ(
802 3333 1010 3484 omnia,
1054 3375 1118 3450 ac
1147 3331 1483 3523 pulchriora,
1526 3377 1698 3500 quam
1722 3360 1921 3458 natura
1946 3327 2063 3524 ipsa
2099 3329 2227 3486 sert,

703 3505 933 3636 reddere
958 3500 1172 3653 solet,
1157 3545 1215 3622 m
1264 3545 1488 3669 gemma
1534 3503 1702 3625 etiam
1731 3502 1998 3654 nostra,
1971 3543 2102 3658 Jure
2128 3501 2230 3623 suo

704 3674 795 3806 usr
818 3673 969 3823 lunt,
1013 3672 1422 3837 venustumque
1463 3718 1594 3797 eum
1625 3673 2028 3863 potiusquam
2046 3669 2230 3795 desot-

706 3887 853 3969 mem
882 3840 1183 3962 finxerunt
1275 3839 1501 4009 Qippe
1534 3841 1814 3962 faciem
1766 3887 1818 3964 er
1834 3835 2145 4024 juvenilem
2166 3887 2232 3964 ac

674 4013 1057 4144 -·barbatulam
1086 4009 1174 4128 hic
1202 4009 1374 4130 tribut
1352 4041 1465 4130 tam
1494 4012 1842 4137 εεωίωιιε)
1833 4015 1961 4179 qua
1997 4010 2230 4177 quidem

708 4182 958 4331 barbula,
1002 4179 1090 4304 sed
1120 4221 1223 4345 pro
1243 4177 1454 4300 diverso
1475 4187 1653 4302 aetatir
1672 4185 1870 4350 gradu,
1892 4183 2234 4350 paullulum

709 4351 989 4488 interdum
1018 4345 1345 4498 crassiore,
1330 4393 1388 4472 ru
1403 4350 1681 4501 nummio,
1716 4353 1963 4578 opinorw
1957 4353 2236 4571 omnibus

712 4524 768 4648 in
774 4519 995 4688 figuitus
1022 4545 1372 4685 appatetr
1485 4549 1490 4559 “

771 4829 909 5076 ’5555
927 4830 956 5036 l
977 4859 1059 5066 3495
1069 4857 1154 5132 55
1201 4953 1419 5066 Appenni
1432 4954 1647 5157 llitltridut
1652 4891 1791 5106 prope
1799 4958 1926 5047 intr

727 5063 1068 5189 ..³Appibid,

1883 5203 1924 5324 S
1965 5205 2017 5322 E
2062 5208 2112 5327 C
2156 5203 2235 5330 T.
