5212 6732
838 681 1356 814 Tnnunn
1441 681 1486 812 r
1887 703 1929 858 ς

403 908 616 1031 demus,
660 900 732 1024 ad
783 943 983 1022 manus
1031 903 1206 1065 usque
1258 845 1661 1090 pertingebant.
1756 907 1928 1030 Palla

403 1118 634 1245 quoque
661 1069 802 1192 nihil
830 1059 985 1191 aliud
1022 1101 1141 1190 erat
1184 1113 1250 1190 ac
1282 1069 1540 1224 Pallium,
1585 1077 1738 1239 quod
1774 1078 1946 1198 tuni·-

402 1291 485 1368 cae
515 1239 927 1432 superinduere,
973 1271 1031 1358 et
1058 1241 1149 1358 vel
1177 1272 1433 1408 apertum
1460 1242 1709 1430 gestare,
1752 1245 1881 1366 vel
1868 1291 1945 1366 m

403 1415 552 1536 llnus
601 1455 787 1532 vanos
842 1405 1103 1576 colligere
1154 1451 1220 1526 ac
1268 1407 1601 1597 complicare
1658 1413 1945 1566 solebant,

403 1583 671 1751 quodque
699 1613 757 1700 et
786 1581 958 1702 Pallae
985 1609 1043 1696 et
1072 1575 1230 1697 Pallii
1257 1622 1483 1699 nomme
1500 1579 1806 1747 promiscue
1828 1627 1941 1755 ap

475 1755 724 1874 llabant.¹

402 1799 473 1920 pe
489 1919 807 2049 Mulierum
834 1921 1033 2068 altera,
1057 1915 1234 2034 Pallio
1249 1915 1408 2035 viridi
1429 1915 1523 2035 seu
1544 1919 1822 2108 oleagino,
1844 1925 1940 2044 al*

402 2123 523 2215 tera
564 2090 834 2240 violaceo,
877 2115 1119 2250 utraque
1146 2125 1281 2204 vero
1329 2083 1520 2207 tunica
1536 2089 1704 2210 rubra
1729 2087 1943 2214 induta·

404 2261 509 2381 est.
545 2257 787 2452 Qrippe
834 2257 907 2376 ad
956 2251 1196 2374 vestium
1243 2253 1602 2376 muliebrium
1648 2292 1938 2412 ornatum,

404 2429 735 2597 omnigenos
717 2303 1011 2546 pecolores
1056 2467 1160 2590 pro
1211 2421 1375 2544 libitu
1430 2424 1686 2548 adhiberi
1740 2427 1934 2552 solitos

404 2600 660 2749 constat3
706 2595 1012 2760 dequibus
1040 2590 1328 2748 Ovidium

404 2860 531 2979 Hic
570 2857 789 2976 under
762 2855 1026 3002 miratus,
1046 2845 1207 2971 haber
1227 2895 1429 3018 quoque
1443 2896 1632 2974 nornen
1651 2856 1723 2974 ab
1741 2835 1940 2976 andr-I

493 3027 826 3144 Crediderim
853 3017 1145 3190 NJmphas
1172 3017 1276 3139 hac
1301 3065 1391 3188 ego
1433 3023 1570 3184 veste
1595 3028 1717 3190 tegi.

405 3193 509 3314 Ille
529 3189 982 3354 crocumſsmrtlat‚
1026 3233 1201 3307 croceo
1222 3189 1440 3311 velatur
1478 3195 1703 3318 crr'nt'fft'rr
1852 3245 1854 3252 ·

490 3363 727 3518 Roscida
747 3357 1001 3518 lucifieros
1027 3400 1147 3476 cum
1178 3355 1371 3479 Dea
1324 3364 1518 3526 jungit
1540 3405 1711 3526 equor.

407 3533 531 3654 Hic
556 3524 805 3696 Paphias
833 3555 1048 3690 myrtos,
1090 3523 1180 3644 hic
1203 3555 1514 3696 purpureas
1540 3527 1778 3697 Amethy

492 3697 806 3854 Albentefire
823 3698 990 3854 rosas,
1007 3687 1378 3817 Ybreiciamve
1396 3741 1604 3863 gruem.
1625 3701 1767 3820 &o

408 3951 680 4072 Virorum
695 3949 919 4146 figurae,
963 3944 1164 4114 partim
1191 3947 1513 4103 seminudae,
1550 3957 1755 4120 partim
1779 3957 1938 4096 tuni-

468 4173 635 4277 ¹Palla,
666 4136 816 4280 hirnestae
846 4168 1011 4252 mulieris
1045 4169 1313 4278 vestimentum
1343 4185 1381 4250 et
1420 4171 1562 4293 tunica
1578 4174 1759 4266 Polliam.
1819 4179 1935 4266 Non.

408 4296 456 4382 de
471 4297 640 4388 Sermon.
676 4295 853 4404 propriet.
888 4322 920 4375 c.
958 4324 1027 4398 14.

527 4415 635 4500 Pall
619 4443 672 4513 ra,
689 4416 859 4522 fiterrae
876 4414 1027 4495 nimium
1050 4413 1192 4526 demifflr
1202 4414 1397 4521 jaeebunt,

590 4537 728 4643 Collige
738 4551 776 4616 et
790 4535 974 4616 immunda
982 4535 1130 4642 sedulus
1149 4534 1240 4642 effer
1254 4537 1369 4624 humo.
1465 4541 1539 4624 Ov.
1553 4541 1640 4626 Art.
1661 4569 1738 4624 am.
1767 4569 1803 4627 1.
1829 4573 1938 4658 1532

592 4662 650 4740 Et
668 4657 764 4767 tegit
784 4671 934 4738 auratos
956 4656 1070 4738 Palla
1078 4657 1243 4766 superba
1256 4658 1375 4766 pedes.
1561 4663 1621 4750 ld.
1636 4669 1772 4749 Amor.
1791 4695 1830 4778 3.
1859 4697 1935 4782 13.

468 4787 488 4879 ξ
520 4781 782 4866 Ovindeart.
816 4777 982 4860 Amand.
1004 4780 1029 4864 l.
1063 4809 1101 4888 3.
1139 4809 1235 4892 177.

525 4911 624 5014 Qeot
643 4929 740 4984 nova
757 4917 865 4982 terra
883 4900 992 5009 parit
1008 4903 1137 5012 stores,
1172 4928 1251 4982 cum
1272 4931 1360 4983 vere
1378 4905 1520 5012 tepenti

593 5024 691 5111 Vitis
710 5025 795 5134 agit
811 5051 980 5132 gemmas,
1014 5023 1199 5132 pigraque
1218 5023 1315 5106 cedit
1335 5025 1470 5134 hyems„

532 5153 645 5236 Lana
666 5163 720 5230 tot
736 5163 803 5230 aut
817 5145 942 5255 plures
949 5145 1085 5258 succos.
1100 5143 1357 5234 bibit-lud.
