5042 6724
703 641 849 830 ψ’
1128 653 1782 784 ranunnrn

700 921 775 1036 ra
800 873 940 1043 effici
958 867 1177 1040 poffent.
1194 887 1227 990 ¹.
1315 873 1408 992 Ex
1436 914 1551 1036 quo
1576 909 1780 1036 genere
1800 864 1994 990 calices
2016 867 2144 990 sane
2164 870 2228 994 is·

704 1044 750 1170 ti
776 1041 951 1192 fuere,
986 1083 1130 1204 quos
1164 1037 1484 1160 Hadrianus
1529 1040 1857 1204 Imperator,
1899 1039 1973 1156 ad
2012 1039 2227 1160 Serviae

704 1255 843 1332 num
870 1209 1118 1338 scribens,
1161 1255 1196 1330 a
1246 1206 1523 1330 sacerdote
1564 1203 1659 1325 fibi
1687 1204 1971 1373 AEgyptio
1991 1207 2226 1329 donatos

703 1379 801 1500 ait.
869 1390 908 1448 “
956 1377 1170 1498 Calices
1196 1375 1313 1526 tibi,
1343 1374 1543 1544 inquit,
1573 1371 1883 1496 allassontes
1892 1389 1934 1525 ²,
1965 1374 2226 1538 [versrco

704 1557 749 1618 “
792 1543 968 1708 lores]
995 1577 1105 1668 tres
1128 1544 1267 1696 misr,
1307 1587 1450 1712 quos
1476 1543 1613 1666 mihi
1634 1542 1882 1665 sacerdos
1919 1543 2113 1733 templi
2127 1546 2226 1665 ob·

701 1725 750 1792 “
795 1713 964 1865 tulit3
1010 1712 1110 1834 tibi
1130 1744 1188 1836 et
1207 1713 1375 1835 sorori
1412 1755 1553 1834 meae
1580 1708 1884 1878 specialiter
1911 1712 2225 1858 dedrcatos3

700 1893 747 1954 “
790 1925 935 2046 quos
961 1913 1027 2002 tu
1057 1881 1226 2002 velim
1252 1881 1398 2004 festis
1424 1881 1617 2002 diebus
1632 1879 1900 2001 conviviis
1927 1877 2223 2002 adhibeas:

702 2060 748 2122 “
791 2043 989 2170 caveas
1011 2080 1198 2169 tamen
1219 2095 1291 2170 ne
1308 2049 1395 2171 his
1412 2047 1716 2172 Africanus
1731 2048 1914 2169 noster
1929 2047 2224 2216 indulgen-

705 2229 749 2288 “
791 2249 876 2338 ter
896 2248 1090 2340 utatur
1099 2237 1136 2340 ³.
1144 2217 1180 2270 '²
1294 2221 1504 2386 Neque
1546 2262 1621 2337 ex
1664 2215 1776 2340 alio
1821 2257 2024 2384 genere
2050 2219 2224 2336 vitrea

701 2429 930 2550 quoque
957 2385 1058 2506 ista
1085 2383 1244 2510 fuiffe
1270 2383 1548 2538 videntur,
1564 2427 1806 2552 quorum
1820 2385 2122 2547 diverfitate
2136 2417 2226 2504 at·

697 2598 808 2719 que
835 2553 1155 2720 operrfitate,
1201 2547 1421 2676 Tacitus
1447 2557 1749 2724 Imperator
1776 2549 2086 2674 delassatus
2117 2553 2225 2674 elle

701 2752 1043 2842 memoratur
1051 2739 1090 2842 ⁴.

791 2891 892 3010 Ab
919 2893 1186 3062 AEgypto
1207 2889 1399 3058 igitur,
1441 2891 1770 3014 aRomanis
1789 2893 2018 3014 demum
2037 2891 2224 3013 subac-

700 3089 762 3180 ta
803 3089 974 3224 atque
1000 3057 1061 3179 in
1103 3057 1445 3227 provinciam
1465 3057 1710 3213 redacta,
1753 3059 2008 3182 immanis
2027 3061 2126 3185 iste
2143 3059 2225 3180 vi-

700 3255 950 3364 treorum
979 3230 1173 3380 luxus,
1222 3272 1339 3350 una
1367 3271 1497 3352 cum
1523 3230 1715 3350 ceteris
1743 3229 2107 3351 Alexandria
2129 3231 2225 3348 de-

703 3389 862 3544 liciis,
891 3396 1138 3516 Romam
1151 3395 1430 3564 praecipue
1448 3393 1705 3520 invedlus
1729 3430 1975 3566 apparet.
2064 3401 2224 3519 Nam

702 3591 833 3682 ante
854 3559 912 3684 id
938 3595 1161 3730 tempus
1205 3606 1330 3684 rara
1378 3565 1684 3687 admodum
1726 3567 1796 3686 de
1832 3565 1958 3688 vitri
2000 3565 2102 3687 usu
2123 3595 2226 3684 aut

700 3729 901 3894 pretio,
911 3735 1064 3897 apud
1093 3732 1377 3904 scriptores
1405 3730 1641 3856 Latinos
1668 3734 1880 3858 mentio
1899 3733 2168 3900 reperitur
2184 3747 2221 3851 ⁵.

767 4023 780 4058 ¹
813 4011 901 4097 Lrlr.
929 4017 998 4098 16.
1028 4041 1067 4126 p.
1122 4015 1191 4125 58.

763 4149 783 4186 ⁸
812 4135 905 4216 Vox
929 4137 1063 4220 Graec
1088 4043 1355 4238 ⁷untmnc,
1387 4135 1604 4242 allaffontes,
1651 4137 1754 4222 idern
1776 4137 1957 4248 fignificat
1978 4165 2024 4220 ac
2058 4137 2225 4221 colorem
2275 4213 2279 4222 .

701 4272 905 4354 mutantes,
937 4257 1063 4342 velut
1094 4257 1159 4342 hic
1196 4261 1415 4374 explicatur,
1462 4261 1709 4364 verficolores,
1740 4259 1845 4372 quod
1879 4259 2038 4372 quidem
2061 4261 2220 4344 verbum

705 4376 1011 4486 interpretationis
1030 4384 1145 4492 gratia
1180 4384 1219 4465 in
1247 4383 1415 4499 margine
1435 4383 1677 4495 adscriptum,
1707 4383 1914 4466 intextum
1945 4381 2032 4466 inde
2059 4383 2223 4495 irripfiffe

704 4498 863 4583 videtur.

766 4657 780 4712 ³
813 4623 919 4706 Flav.
935 4625 1086 4735 Vopisc.
1106 4627 1146 4708 in
1159 4625 1368 4712 Saturnino.
1386 4653 1424 4712 c.
1452 4627 1492 4712 8.

765 4767 784 4816 s
806 4743 904 4856 ¹Vid.
919 4747 1032 4831 eund.
1047 4747 1085 4828 in
1103 4750 1251 4834 Tacito.
1269 4776 1305 4833 c.
1322 4751 1375 4832 xi.

770 4873 784 4925 ⁵
817 4865 951 4945 Cicero
971 4887 1114 4968 autern,
1147 4871 1243 4953 inter
1257 4897 1400 4953 merces
1415 4897 1464 4954 cx
1484 4871 1833 4981 AEgyptoRomam
1847 4871 2032 4972 adrestas,
2065 4869 2223 4974 chartas,

704 4983 831 5082 lintea,
863 4985 1021 5088 nitrum,
1053 4993 1235 5076 recenset:
1271 4993 1352 5102 [Pr.
1372 4995 1470 5077 Rnb.
1495 4991 1622 5076 Postli.
1639 5021 1673 5076 c.
1698 4991 1783 5100 ¹4·]
1817 4994 1864 5074 de
1882 4996 1981 5076 vitro
2002 5014 2224 5092 autem,an-

704 5125 741 5190 te
762 5107 801 5188 id
821 5125 983 5218 tempus,
1015 5139 1063 5193 ne
1078 5114 1236 5196 verbum
1251 5115 1408 5226 quidem
1426 5144 1449 5197 a
1470 5117 1645 5200 Romano
1660 5115 1787 5224 aliquo
1804 5115 1947 5200 dictum
1970 5117 2142 5199 memini.

2116 5235 2225 5352 Sed
2293 5289 2296 5296 ·
