5042 6724
1341 593 1597 846 (94).
1703 575 1708 584 .

862 1071 955 1236 T
1021 1077 1104 1235 A
1168 1075 1235 1236 B
1337 1077 1417 1234 U
1518 1075 1588 1234 L
1653 1075 1738 1238 A
1874 1079 2185 1242 V1.‘

891 1375 1143 1530 Asculaj
1145 1414 1236 1496 am
1263 1401 1508 1538 quatuor
1549 1376 1956 1541 lacrymatoria,
1999 1414 2068 1505 ut
2096 1389 2221 1508 vul·

881 1590 959 1717 go
987 1423 1270 1696 uiuitur,
1323 1543 1414 1666 hic
1459 1545 1727 1713 descripta
1761 1547 2057 1674 videmus:
2102 1555 2323 1678 duo

687 1718 948 1840 videlicet
975 1717 1162 1868 vitrea,
1206 1748 1265 1837 et
1309 1716 1485 1835 duo
1471 1748 1605 1838 rtem
1648 1713 1876 1868 fiuilia3
1940 1765 2068 1886 quae
2112 1723 2219 1862 hac

691 1893 1022 2058 plerumque
1049 1813 1272 2007 forina
1258 1930 1316 2006 ur
1344 1889 1739 2010 Romanorum
1758 1919 2009 2012 veterum
2010 1891 2219 2080 sepul-

690 2061 928 2212 chriuj
931 2090 1073 2178 uxm
1119 2057 1280 2176 Ollas
1336 2053 1597 2178 offuarias
1639 2056 1814 2221 posita
1850 2057 2214 2225 reperiuntur.

692 2106 961 2352 Etenim
947 2273 1003 2348 m
1034 2223 1253 2395 pompis
1297 2225 1625 2348 funebribus
1661 2225 1921 2350 mulieres
1939 2231 2215 2394 quaedam,

688 2445 822 2564 quae
853 2398 1096 2520 Praeficae
1116 2397 1481 2548 vocabantur,
1531 2439 1773 2561 quaeque
1817 2399 2087 2562 lacrymas
2114 2443 2218 2562 pro

693 2569 856 2692 libitu
895 2567 1168 2688 funde'ndi
1211 2596 1388 2687 artem
1429 2565 1713 2732 quandam
1755 2568 1860 2690 usu
1894 2567 2216 2722 didicerant,

691 2742 764 2860 ad
809 2770 1062 2860 mortuos
1118 2733 1404 2856 deflendos
1451 2733 1633 2902 pretio
1686 2734 1988 2860 conduuae
2039 2769 2213 2860 erant

689 2907 1011 3068 Praeficae,
996 2903 1178 3074 mquit
1225 2907 1440 3059 Festus,
1483 2910 1570 3026 ad
1589 2907 1991 3030 lamentandum
2017 2939 2216 3030 mortu·

688 3123 783 3200 um
835 3081 1121 3228 ιοηᾶιιὲἶιε,
1201 3079 1339 3196 dunt
1393 3079 1581 3198 ceteris
1641 3081 1854 3200 modum
1895 3079 2213 3248 plangendi,

690 3247 893 3414 quast
867 3291 929 3367 m
970 3243 1063 3366 hoc
1084 3247 1256 3414 ipsum
1272 3247 1599 3417 praefeM

777 3399 1192 3536 Praeficarum
1178 3415 1349 3584 igitur
1392 3421 1611 3570 harum,
1671 3417 1805 3538 item
1863 3461 1929 3542 uc
1992 3415 2215 3584 propin-

688 3629 930 3750 quorum
959 3585 1214 3748 lacrymis
1236 3585 1582 3755 colligendis,
1624 3621 1794 3752 atque
1822 3585 1882 3708 in
1926 3587 2214 3756 sepulchro

690 3755 1013 3906 condendis,
1061 3759 1182 3876 haec
1229 3756 1454 3877 vascula
1496 3787 1686 3946 parata
1741 3755 1847 3879 effe
1891 3759 2210 3876 creduntur.

506 4077 510 4084 Ι
691 3933 845 4094 Qae
902 3925 1128 4090 quidem
1185 3925 1394 4090 opinio,
1446 3925 1690 4090 primum
1728 3971 1803 4047 ex
1859 3926 2213 4048 Praeficarum

688 4138 920 4213 munere
957 4093 1268 4214 confirmari
1297 4126 1564 4260 putatur3
1612 4095 1811 4216 deinde
1860 4139 1932 4218 ex
1965 4095 2211 4214 vasculo·

688 4308 816 4382 rum
843 4267 1047 4384 horum
1077 4261 1277 4414 forma,
1320 4309 1416 4384 ore
1442 4265 1700 4387 videlicet
1734 4271 1950 4431 patu10‚
1995 4266 2211 4424 lachry-

754 4517 765 4552 ¹
801 4501 917 4606 Qud
936 4499 1094 4580 Praeficae
1113 4527 1202 4582 vero
1223 4527 1364 4582 nomen
1379 4503 1418 4582 in
1434 4501 1718 4584 desuetudinem
1738 4501 1894 4598 abiisset,
1926 4529 1949 4580 a
1969 4501 2138 4580 Varrone
2153 4495 2211 4575 in·

689 4625 804 4704 dicari
820 4625 979 4704 videtur.
1045 4625 1140 4704 Haec
1161 4623 1310 4725 mulier,
1342 4623 1463 4733 inquit
1479 4625 1554 4724 ille,
1585 4626 1746 4708 vocitata
1779 4625 1873 4704 olim
1895 4621 2059 4719 Praefica,
2096 4620 2212 4728 usque

689 4749 738 4826 ad
760 4745 965 4826 secundum
988 4745 1177 4828 Punicum
1207 4747 1365 4829 bellum.
1400 4747 1635 4856 [Fragment.
1675 4747 1722 4825 de
1751 4749 1831 4830 Vit.
1855 4747 1948 4854 Pop.
1971 4745 2087 4826 Rom.
2104 4741 2129 4822 l.
2151 4737 2211 4852 3.]

689 4889 854 4948 attamen
870 4893 952 4944 mos
973 4867 1046 4972 ipse
1026 4868 1215 4968 e,manfit
1235 4889 1276 4950 ut
1296 4871 1345 4950 ab
1368 4871 1530 4952 Horatio
1551 4869 1739 4970 discimus

813 4989 865 5068 Ut
884 5015 944 5096 qur
941 4985 1194 5097 'condubitpl
1177 4991 1298 5070 lorant
1313 4993 1355 5072 in
1371 4993 1528 5100 sunere,
1560 4991 1703 5089 dicunt,

805 5113 866 5198 Et
891 5107 1041 5198 faciunt
1048 5128 1162 5222 prope
1172 5111 1287 5224 plura
1305 5112 1366 5196 dol
1364 5112 1505 5196 entibus
1520 5142 1565 5196 ex
1579 5115 1712 5217 animo,
1733 5111 1851 5215 βε-
1883 5115 1968 5194 Art.
1987 5111 2088 5190 Poet.
2108 5135 2209 5216 43¹·

2109 5222 2211 5342 miS
