5008 6706
495 2411 500 2422 .

470 2429 565 2626 “NG

644 699 775 826 154
1027 651 1255 778 ΤΑΒ
1296 655 1354 776 U
1400 653 1543 778 LA
1598 647 1835 781 ''XXll

647 859 888 996 memini,
932 851 1285 1022 Mumiarum
1328 859 1529 984 harum
1577 853 1893 1028 interprete,
1933 865 2027 985 vel
2078 908 2174 988 ex-

648 1039 936 1204 plicatum,
978 1033 1073 1152 vel
1099 1031 1348 1152 ommino
1386 1061 1754 1153 memoratum
1796 1032 2171 1156 animadverti⁴

651 1197 939 1369 Quicquid
958 1230 1148 1320 autem
1177 1197 1364 1351 luerit,
1409 1239 1523 1320 non
1552 1202 1623 1320 ad
1645 1202 1872 1320 barbam
1899 1233 2047 1360 certe
2078 1245 2175 1324 ex-

651 1371 998 1539 primendam
1053 1365 1368 1489 adhibitum
1415 1368 1540 1520 else,
1569 1461 1575 1475 .
1601 1367 1810 1532 liquet3
1870 1369 2005 1534 quia
2034 1371 2172 1538 figu-

651 1543 723 1662 ris
751 1536 1052 1706 promiscue
1080 1535 1359 1686 omnibus,
1402 1582 1531 1659 cum
1560 1535 1919 1658 foeminarum
1945 1571 2004 1658 et
2031 1541 2171 1660 viro·

652 1753 798 1858 rum,
844 1737 968 1828 tum
1011 1709 1268 1826 Deorum
1291 1705 1472 1854 etiam,
1514 1709 1622 1826 hoc
1651 1704 1796 1826 idem
1818 1706 2055 1828 affixum
2092 1751 2177 1826 τοι·

653 1877 896 2046 peritur:
960 1873 1112 2040 quod
1169 1873 1394 2038 quidem
1445 1917 1558 1993 non
1616 1873 1710 1993 nisr
1775 1875 2008 2038 symboli
2034 1875 2174 1996 ·vice

653 2045 967 2215 appositum
1006 2041 1131 2191 esse,
1176 2043 1502 2206 sensumque
1548 2039 1795 2206 aliquem
1831 2046 2172 2166 reconditum

652 2212 918 2362 habuisse,
957 2209 1306 2377 perspicuum
1326 2212 1421 2331 est.
1513 2209 1845 2336 Bonannius
1864 2210 2076 2334 'auslor
2094 2215 2177 2334 sa·
2354 2347 2362 2360 ,

651 2427 728 2506 ne
754 2381 1026 2532 eruditus,
1068 2379 1165 2545 qui
1191 2379 1598 2546 AEgyptiorum
1637 2381 1925 2500 ldolomm
1972 2381 2181 2548 figuras

336 2661 339 2669 .
654 2552 934 2720 quasdam,
976 2551 1084 2668 hoc
1115 2549 1310 2668 eodem
1350 2549 1602 2712 symbolo
1647 2545 1962 2698 instrublas‚
2006 2594 2181 2716 expo-

654 2721 780 2872 suit,
825 2717 966 2841 illud
995 2717 1200 2837 Perseae
1221 2713 1552 2837 folium'effe
1573 2713 1763 2868 dicit¹3
1811 2717 2034 2868 arboris,
2065 2721 2173 2838 AE.

654 2923 836 3061 gypto
863 2883 1119 3054 propriae,
1165 2929 1232 3006 ac
1254 2884 1379 3005 lsrdi
1407 2881 1683 3050 praecipue
1712 2886 2068 3035 consecratam
2091 2920 2178 3007 at«
2310 2943 2316 2955 *

655 3057 867 3228 quoad
894 3097 1087 3176 omnes
1116 3052 1242 3172 ideo
1263 3053 1614 3173 solennitates
1649 3055 1986 3220 pompasque
2007 3057 2175 3176 sacras
2325 3169 2330 3182 .

657 3225 962 3375 adhibitae5
1009 3221 1272 3386 cujusque
1299 3221 1538 3388 effigiem
1582 3219 1639 3340 in
1668 3223 1933 3373 obeliscis,
1993 3232 2174 3345 mensa

658 3396 847 3544 Iliaca,
891 3389 1224 3554 reliquisque
1244 3389 1653 3555 AEgyptiorum
1679 3393 2054 3514 monumentis
2084 3395 2176 3514 sae-

660 3563 868 3730 piisime
904 3559 1144 3708 incisam,
1179 3557 1463 3678 observare
1492 3557 1620 3678 licet
1636 3570 1692 3714 ’.ὓ
1781 3567 1881 3682 De
1919 3563 2177 3731 stirpibus

661 3729 971 3911 AEgyptiti,
1042 3723 1225 3891 inquit
1268 3728 1627 3877 Plutarchus,
1687 3733 1947 3886 Perseam
1992 3735 2180 3850 'omnia

661 3945 754 4024 um
790 3903 1020 4019 maxime
1064 3899 1197 4058 Isrdr'
1220 3897 1449 4049 sacram
1513 3893 1630 4060 effi
1653 3901 1834 4050 aiunt,
1898 3929 2180 4066 propterea

663 4073 819 4244 quod,
838 4067 1073 4227 frusi'us
1123 4062 1237 4218 ejus
1264 4064 1454 4212 cordis,
1497 4095 1550 4182 et
1573 4183 1577 4192 ,
1588 4065 1794 4224 fhlium
1828 4065 2020 4234 linguae
2055 4071 2180 4240 spe·

562 4293 578 4312 ⁰
663 4281 795 4364 crem
816 4233 1010 4404 praefie
1021 4233 1190 4391 serrat
1208 4251 1244 4353 ³.
1332 4229 1391 4348 Si
1421 4233 1542 4354 haec
1565 4233 1838 4400 igitur'rer
1864 4247 2183 4402 interpretas

664 4409 746 4529 tio
775 4401 1117 4523 admittenda
1145 4403 1244 4554 est,
1289 4399 1440 4520 haud
1476 4403 1585 4521 alio
1633 4401 1856 4521 consilio
1901 4405 2180 4570 AEgyptii,

665 4573 782 4698 solii
812 4573 977 4726 hujus
1006 4569 1242 4736 figuram
1276 4565 1515 4694 Mumiis
1536 4571 1678 4702 hisce
1716 4569 1962 4724 affixisse,
1992 4575 2182 4694 viden-

735 4910 745 4952 ¹
781 4881 976 4966 Museum.
1001 4883 1173 4966 Kircher.
1194 4909 1231 4992 p.
1257 4913 1327 4994 34.

672 5025 675 5033 ·
725 5019 745 5062 ³
778 5006 867 5086 Vid.
890 5002 1062 5088 Kirclrer.
1085 5005 1221 5116 Oedip.
1244 5007 1402 5124 AEgypt.
1420 5007 1508 5088 Vol.
1530 5035 1566 5114 3.
1582 5031 1617 5116 p.
1642 5035 1738 5116 129·
1762 5037 1858 5120 130.
1877 5011 1917 5090 it.
1940 5009 2052 5093 Obel.
2070 5009 2179 5094 Pam·

665 5129 760 5238 phil.
776 5157 818 5258 p.
841 5135 946 5260 ⁸360,
966 5131 1040 5212 &a
1357 5127 1454 5212 ’θα
1475 5129 1559 5214 lfid.
1581 5149 1617 5212 et
1633 5130 1767 5214 Osrrid.
1789 5157 1827 5242 p.
1847 5133 1946 5246 378.
1970 5163 2004 5216 c.
2125 5137 2129 5144 “

2005 5407 2012 5414 Ι
2075 5281 2185 5401 tur,
