5008 6706
667 723 803 842 ²40-
1044 667 1277 794 TAB
1318 667 1377 788 U
1421 665 1561 790 LA
1645 669 1823 791 XXI.

1165 1061 1497 1188 SECT.
1589 1067 1701 1188 IX.

846 1379 1047 1496 Emma
1096 1417 1262 1524 nona,
1321 1372 1695 1527 Mercurium,
1760 1373 2021 1539 symbolis
2087 1371 2195 1495 suis

888 1544 1149 1667 omnibus
1176 1544 1300 1662 fere
1321 1539 1675 1694 instrudmm,
1718 1543 1969 1711 praefert,
2024 1544 2199 1710 Virga

673 1718 886 1844 scilicet,
931 1713 1054 1864 alie,
1099 1711 1394 1880 marsupi0,
1439 1711 1624 1862 ariete,
1652 1743 1710 1834 et
1739 1715 1914 1836 Gallo
1941 1707 2200 1834 Gallina·

674 1931 792 2009 ceo.
881 1888 937 2002 V
942 1883 1115 2050 irgam
1144 1883 1215 2000 ad
1244 1881 1374 2002 usus
1416 1881 1543 2000 sane
1569 1880 1749 2001 varios
1784 1887 1855 2002 ab
1892 1927 1961 2003 eo
1991 1879 2201 2012 adhibi-

674 2085 794 2178 tam
819 2053 1092 2222 legimus:
1136 2054 1244 2171 hac
1290 2049 1438 2172 enim
1482 2047 1700 2170 somnos
1728 2052 1818 2171 vel
1866 2051 2067 2172 inferre
2108 2051 2199 2167 vel

676 2225 933 2370 adimere,
973 2219 1292 2384 animalque
1312 2223 1403 2340 vel
1444 2219 1517 2337 ad
1547 2216 1760 2338 Inseros
1809 2221 2080 2340 deducere
2109 2219 2199 2336 vel

677 2435 910 2514 evocare
930 2391 1151 2510 solebat.

618 2647 629 2654 ’
678 2641 822 2770 Tum
845 2649 1083 2812 Virgam
1110 2645 1287 2810 capit:
1332 2639 1435 2761 hac
1469 2647 1683 2761 unimur
1709 2641 1799 2764 ille
1836 2673 2014 2764 evocat
2063 2649 2217 2800 Oscos-

678 2815 1010 2963 Pallentes,
1038 2813 1180 2932 alias
1203 2815 1314 2968 sub
1341 2811 1520 2966 tristia
1546 2842 1771 2932 tartara
1807 2815 2008 2961 mittit,

678 2993 813 3108 Dat
821 2988 1035 3146 somnos
1062 2981 1373 3148 adimitque,
1415 3008 1467 3100 et
1497 2979 1706 3100 lumina
1733 3011 1899 3102 morte
1925 2981 2196 3148 refignat¹.
2233 3075 2235 3078 -

681 3245 851 3362 Hanc
874 3236 1043 3401 ipsam
1072 3235 1330 3402 Virgulae
1350 3234 1602 3364 formam,
1648 3237 1959 3404 serpentum
1991 3233 2199 3354 mutuis

682 3405 1031 3572 amplexibus
1086 3437 1361 3554 ornatam,
1433 3445 1762 3568 germanum
1819 3405 2199 3570 Antiquorum

681 3577 990 3698 caduceum
1031 3569 1189 3692 luisse
1217 3573 1490 3738 legimur,
1536 3619 1653 3740 quo
1695 3573 1894 3740 Legati
1921 3572 2199 3726 nimirum,

684 3748 758 3868 ad
798 3787 991 3910 pacem
1047 3741 1188 3861 inter
1233 3744 1416 3862 hostes
1472 3742 1873 3865 conciliandam
1927 3742 2079 3870 miffi,
2121 3745 2200 3862 in-

684 3911 880 4036 strubli
903 3912 1109 4080 semper
1132 3909 1457 4032 incedebant
1474 3927 1510 4032 ².
1598 3915 1722 4034 Hic
1770 3912 2063 4082 complexus
2103 3957 2202 4032 uu·

673 4089 884 4250 guium,
931 4081 1112 4242 inquit
1159 4077 1388 4234 Plinius,
1430 4113 1483 4200 et
1529 4081 1880 4244 cfflratorum
1915 4087 2201 4231 concorda,

684 4257 849 4410 causa
875 4253 1090 4370 videtur
1117 4244 1231 4412 effe,
1275 4294 1446 4412 quare
1475 4281 1667 4370 exterae
1694 4283 1879 4420 gentes
1923 4251 2204 4372 caduceum

586 4451 593 4466 .
751 4487 901 4594 ’Virg.
923 4485 1014 4566 AEn.
1039 4513 1079 4592 4.
1107 4511 1207 4589 242.

1154 4605 1194 4686 T
1187 4633 1211 4684 u
1224 4605 1309 4712 pias
1329 4603 1427 4687 lutis
1445 4607 1587 4688 animur
1607 4607 1748 4720 reponis

1158 4725 1321 4824 Sedibus,
1362 4729 1543 4849 uirgaque
1562 4731 1676 4815 levem
1695 4760 1829 4814 coerces

1149 4849 1279 4930 Aureu
1299 4849 1569 4934 turbam—
1843 4853 1941 4935 Hor.
1963 4851 2040 4936 Od.
2057 4853 2082 4934 l.
2111 4883 2146 4938 1.
2166 4881 2202 4935 x.

745 4981 761 5016 ⁸
780 4962 831 5048 Ὃ
847 4979 953 5076 φορεῖν
987 4963 1133 5048 irrideo-u
1159 4965 1188 5046 δι
1219 4962 1293 5077 rupi
1313 4967 1378 5050 τόν
1404 4967 1542 5053 τούτων
1561 4969 1624 5068 rdc
1651 4969 1763 5074 λὸγκς
1788 4967 1967 5080 uersurum,
1997 4966 2102 5078 addai
2119 4967 2205 5051 ra'ru

688 5073 911 5270 ἓγχᾶνονῖες
940 5071 1038 5186 rrupoi
1065 5091 1136 5168 τοῖς
1158 5075 1333 5184 πολεμίοις
1361 5080 1576 5190 damasec.
1633 5081 1750 5165 Diod.
1776 5083 1843 5165 Sic.
1878 5081 1903 5164 l.
1929 5111 1963 5165 v,
1992 5107 2084 5190 341.
2105 5081 2202 5162 Edit.
2256 5081 2258 5085 ’

733 5217 790 5274 all·

2152 5304 2210 5421 iu
