5008 6706
691 641 922 772 TAB
968 647 1215 770 ULA
1306 649 1483 770 XXI.
1715 683 1831 802 ²31

825 989 866 1106 S
907 991 959 1108 E
1004 986 1161 1110 CT.
1248 991 1358 1110 111.

460 1299 658 1416 Emina
706 1293 887 1446 tertia,
960 1299 1290 1419 Parthorum
1338 1296 1509 1456 Regis
1558 1295 1843 1452 cujusdam

502 1463 799 1632 imaginem
821 1465 1088 1614 exhibet,
1137 1509 1206 1586 eo
1234 1467 1397 1628 plane
1442 1466 1636 1586 habitu
1672 1499 1852 1632 atque·

318 1635 620 1804 insignibus
662 1664 937 1824 ornatam,
994 1636 1194 1824 quibus
1240 1633 1515 1800 Principes
1567 1634 1668 1785 isti,
1709 1679 1844 1756 cum

318 1851 376 1924 in
405 1807 660 1972 geminis,
702 1837 827 1924 tum
860 1803 917 1922 in
940 1805 1183 1926 nummis
1207 1802 1460 1966 insculpti
1489 1823 1842 1924 cernuntur&

319 1983 408 2095 At
434 2019 585 2095 vero
612 1971 779 2094 aliam
824 2018 1053 2138 quoque
1101 1973 1233 2091 huic
1281 1973 1482 2124 nostrae
1511 1973 1846 2096 consimilem
1976 1965 1981 1978 ¹

320 2173 377 2264 et
414 2140 529 2262 sere
580 2143 834 2291 eandem,
907 2141 1358 2263 Baudelotium
1344 2187 1399 2258 iri
1451 2145 1634 2261 lucem
1683 2174 1849 2262 antea

320 2311 540 2434 edidisse
568 2311 767 2432 video:
835 2356 1027 2475 quam,
1092 2311 1318 2500 perinde
1366 2355 1431 2428 ac
1481 2310 1802 2470 nostram,
1789 2353 1848 2430 in

321 2483 546 2600 Achate
584 2479 777 2601 litteris
828 2480 1089 2600 Parthicis
1145 2477 1413 2644 inscripto,
1479 2480 1638 2600 etin
1692 2479 1850 2602 anuli

320 2647 562 2820 sormam
601 2645 885 2799 consedlo,
943 2649 1292 2813 insculptam,
1354 2679 1523 2811 atque
1571 2648 1850 2802 omnium,

322 2863 458 2983 quas
498 2819 555 2940 in
604 2862 675 2938 eo
717 2861 920 2984 genere
954 2817 1184 2964 viderat,
1250 2815 1672 2982 pretiosissimam
1722 2820 1848 2986 pul-

321 2987 762 3150 cherrimamque
789 2987 894 3106 elle
935 2990 1221 3108 declarat²

407 3157 719 3276 Medorum
784 3153 1040 3318 equidem
1107 3155 1548 3318 Parthorumque
1596 3185 1849 3276 veterum

323 3315 529 3490 Reges,
573 3323 808 3447 vestium
852 3323 1155 3489 Regalium
1186 3323 1491 3488 splendore,
1535 3355 1849 3488 ornatuque

322 3537 493 3656 poene
536 3490 824 3641 foemineo,
870 3537 1122 3613 omnium
1150 3533 1417 3639 maxime,
1462 3489 1674 3656 gavisos
1717 3539 1851 3612 con·
1959 3604 1969 3623 ,

322 3661 447 3780 stat
535 3665 695 3780 Nam
714 3659 929 3808 faciem,
953 3662 1271 3849 oculosque
1298 3659 1591 3825 pigmentis
1621 3661 1850 3816 illinere,

322 3827 616 3993 comasque
633 3827 964 3976 ascititias‚
950 3873 1007 3944 in
1029 3828 1312 3947 cincinnos
1342 3827 1523 3948 varios
1548 3862 1848 3982 contortaS,

385 4138 649 4221 Montfauc.
665 4140 823 4246 Antiqu.
851 4140 903 4220 V.
930 4167 968 4248 3.
990 4137 1016 4217 l.
1038 4164 1076 4221 2.
1091 4165 1124 4220 c.
1149 4167 1213 4244 14.
1248 4139 1289 4219 it.
1312 4141 1503 4247 Supplem.
1527 4141 1577 4222 V.
1596 4171 1635 4251 3.
1655 4141 1680 4223 l.
1707 4169 1745 4223 2.
1761 4169 1794 4224 c.
1815 4171 1849 4228 1.

385 4285 402 4320 ²
438 4261 575 4370 Siquis,
607 4260 730 4370 inquit
766 4261 1018 4359 Baudelotius,
1050 4257 1198 4340 litteras
1219 4259 1425 4340 Parthicas
1444 4261 1485 4340 in
1524 4259 1594 4342 hac
1625 4291 1767 4369 gemma
1787 4263 1850 4342 in-

313 4381 482 4495 scriptas
502 4383 687 4491 explicare
695 4379 827 4494 paffet:
862 4411 920 4464 eas
940 4380 1032 4464 lucis
1068 4399 1169 4462 certe
1203 4380 1349 4488 aliquid
1365 4382 1417 4464 ad
1428 4385 1553 4490 gentis
1571 4385 1769 4466 Parthicae
1788 4385 1849 4466 hi.

316 4505 468 4605 storiam
488 4505 685 4608 allaturas,-
708 4501 835 4614 necqffe
855 4503 916 4612 ist
982 4503 1136 4615 [Utilite
1155 4505 1219 4596 des
1238 4507 1424 4614 Voyages.
1444 4509 1494 4587 V.
1520 4537 1555 4589 i.
1570 4535 1607 4616 p.
1633 4508 1754 4619 309.]
1777 4510 1850 4590 Sed

324 4631 460 4710 litteras
480 4629 575 4730 istas,
609 4647 791 4738 tanquam
812 4628 1019 4736 deperditas
1038 4629 1163 4735 plane,
1202 4645 1316 4733 atque
1339 4626 1616 4735 inexplicabiles
1638 4632 1695 4710 abv
1723 4633 1849 4712 erudi·

323 4747 369 4832 tis
381 4751 521 4832 censeri
545 4753 698 4859 reperio.
759 4749 872 4860 [Vid.
890 4748 1110 4834 noniano.
1144 4749 1336 4858 Supplem.
1368 4748 1478 4856 ibid]
1510 4753 1650 4859 Neque
1675 4757 1850 4862 pauculas

323 4874 409 4954 sane
428 4873 511 4954 istas
530 4875 568 4954 iu
589 4901 742 4983 gemma
760 4872 883 4954 nostra
903 4871 1045 4972 incisas,
1083 4872 1111 4952 fi
1141 4871 1377 4980 explicabiles
1396 4870 1525 4970 effent,
1555 4872 1659 4956 aliud
1692 4878 1849 4958 omnino

323 4993 531 5107 quidpiam,
563 5024 608 5078 ac
628 4995 746 5105 Regis
764 4995 877 5105 ipfius
894 5021 1052 5094 nomen,
1083 4993 1307 5076 indicaturus
1326 4992 1432 5086 fuisse
1448 4995 1621 5083 arbitror.

1691 5229 1850 5358 inau-
