5042 6724
25 5299 31 5434 ,

740 653 1460 792 Tarouarx
1716 687 1838 780 en

323 967 505 1090 Hunc
529 1007 653 1090 vero
679 993 838 1084 acuto
863 969 1055 1136 capite,
1100 993 1154 1086 et
1181 963 1408 1086 auribus
1443 960 1627 1131 longis,

321 1141 467 1302 Qae
495 1133 581 1298 stc
606 1164 900 1285 moventur,
942 1165 1006 1254 ut
1015 1133 1197 1290 solent
1217 1130 1534 1292 Asellomm,
1732 1271 1736 1278 ¹

321 1305 470 1470 Qir
504 1305 780 1424 Moriontir
787 1300 977 1460 filium
1000 1332 1157 1472 'neget
1186 1299 1482 1467 Gyrthw
1558 1461 1562 1472 ι

321 1559 394 1678 In
436 1557 542 1678 hac
558 1589 751 1680 autem
780 1555 1076 1703 yeaolononlo
1097 1555 1280 1706 classe,
1324 1555 1395 1674 de
1423 1553 1716 1674 Mimaulis
1741 1549 1844 1675 eti-

320 1769 417 1848 am
458 1726 799 1847 mentionem
834 1721 1044 1858 fallam
1078 1721 1478 1846 animadverti:
1521 1765 1637 1890 quo
1665 1720 1844 1842 nomi·

321 1937 395 2014 ne
444 1893 745 2016 mimorum
775 1938 955 2061 genus
996 1891 1284 2060 quoddam
1320 1893 1573 2013 denotari
1601 1889 1842 2040 videtur,

323 2061 422 2226 qui
450 2064 541 2182 vel
568 2066 644 2184 ad
681 2062 871 2184 tibiam
918 2065 1105 2228 gestus
1137 2103 1316 2230 agere,
1366 2063 1457 2182 vel
1507 2058 1641 2182 tibia
1683 2055 1843 2180 simul

318 2271 517 2356 canere
544 2263 602 2352 et
628 2229 941 2394 gesticulari
961 2230 1244 2354 solebant:
1288 2261 1458 2395 atque
1483 2230 1554 2349 de
1601 2231 1710 2349 hoc
1751 2271 1844 2396 ge·

323 2443 454 2520 nere
481 2397 690 2564 figuras
717 2401 983 2568 quasdam
1012 2401 1286 2552 scenicas,
1330 2398 1517 2521 fistula
1559 2429 1843 2549 canentes,

320 2601 382 2690 et
418 2567 582 2736 gestu
605 2567 768 2690 fimul
803 2568 1039 2693 ridiculo
1065 2569 1344 2722 saltantes,
1390 2570 1449 2690 in
1478 2567 1846 2692 marmoribus

323 2735 604 2858 interdum
630 2738 891 2906 antiquis,
933 2739 1247 2907 exsculptae
1275 2734 1635 2862 invenimus¹.

327 3029 331 3034 ,
408 2911 542 3027 Hoc
562 2905 804 3076 denique
821 2907 1150 3028 Ludionum
1170 2949 1349 3075 genus
1368 2950 1550 3036 omne,
1582 2949 1700 3072 quo
1719 2949 1854 3076 par·

322 3105 407 3195 tes
433 3075 576 3228 suae,
620 3075 680 3197 in
715 3075 1003 3229 conviviiS,
1028 3075 1279 3242 ludisque
1294 3073 1553 3266 publicis,
1596 3119 1846 3198 commo-

321 3243 449 3364 dius
492 3275 698 3412 ageret,
736 3243 980 3414 salesque
1007 3276 1065 3368 et
1111 3243 1345 3366 dislerra
1376 3243 1435 3366 in
1463 3248 1672 3416 vulgus
1711 3241 1847 3368 libe-

322 3411 436 3534 rius
492 3415 796 3580 spargeret,
867 3414 1115 3583 personae
1157 3412 1574 3580 cooperimento
1627 3409 1848 3542 tellum

322 3579 576 3750 prodiisse
615 3583 858 3722 constat.¹
962 3585 1273 3705 Permultas
1320 3583 1447 3704 sane
1485 3583 1847 3774 personarum

322 3753 525 3874 harum
549 3748 775 3942 figuras,
820 3783 1126 3874 eveterum
1164 3785 1544 3877 monumentrs
1592 3753 1848 3922 desump-

323 3951 429 4071 tas,
472 3963 509 4040 a
556 3919 685 4040 vrris
732 3919 961 4041 eruditis
1011 3921 1068 4043 in
1116 3923 1299 4044 lucem
1355 3921 1530 4042 editas
1559 3922 1843 4072 videmus;

324 4079 568 4253 quarum
604 4091 884 4255 pleraeque
912 4092 1106 4211 eadem
1150 4093 1315 4258 plane
1351 4090 1551 4241 forma,
1595 4136 1661 4213 ac
1692 4095 1846 4212 Utri-

303 4255 516 4378 „cularii
535 4257 724 4377 nostri
757 4258 1007 4424 persona,
1051 4259 1157 4380 esse
1199 4290 1500 4426 apparent:
1547 4235 1846 4426 qualesque

323 4431 643 4548 aVarrone
667 4459 678 4550 ξ
702 4459 759 4547 et
809 4427 1086 4580 Luciano,
1157 4431 1407 4594 Persona
1449 4429 1559 4589 islo
1606 4435 1846 4596 antiquo

324 4593 731 4744 describuntur3
778 4599 1010 4759 chstortir
1018 4599 1229 4754 scilicet
1256 4599 1435 4716 oribus
1454 4599 1738 4754 deflormes,
1766 4645 1847 4720 oc

322 4767 553 4888 nomano
579 4765 836 4932 quiddam
876 4764 1103 4918 hiantes,
1157 4765 1312 4932 quast
1333 4766 1667 4936 spellatores
1692 4771 1846 4954 derso·

388 5052 401 5088 ι
435 5021 546 5130 Epig.
567 5020 595 5101 l.
623 5029 663 5107 6.
690 5053 760 5137 39.

383 5163 400 5200 ²
435 5143 527 5228 Vid.
551 5147 764 5257 Dempsler.
782 5149 911 5233 Etrur.
928 5149 1059 5260 Antiq.
1082 5149 1135 5232 Τ.
1163 5178 1200 5232 1.
1225 5173 1263 5259 p.
1286 5173 1390 5260 413.

1108 5275 1202 5440 Q
1596 5298 1838 5390 raturae:
1920 5245 1925 5257 ι
