5212 6732
494 644 514 892 f
1002 691 1753 836 ·1Norn

1242 1041 1266 1074 '‘
1285 1027 1401 1132 Tab.
1433 1033 1588 1131 XXII.
1644 1009 1646 1018 ¹

737 1185 921 1288 Mumia
938 1182 1169 1322 AEgyptia,
1188 1213 1217 1281 a
1237 1181 1336 1282 viro
1349 1179 1491 1286 nobili
1515 1182 1716 1314 Georgio
1741 1174 2052 1306 Townlbcnd,
2077 1189 2199 1286 Am·

667 1325 826 1426 demiae
850 1315 1209 1456 cantabrigiensi
1229 1317 1410 1420 donata.
1458 1314 1551 1415 Ubi
1572 1315 1632 1415 de
1651 1315 1808 1420 loculis
1823 1320 2080 1455 prasertim,
2098 1323 2201 1423 the·

668 1460 785 1563 risve
807 1459 977 1592 ligneis,
1011 1458 1247 1594 inquibus
1280 1456 1502 1557 oadavera
1516 1459 1838 1593 AEgyptiorum
1876 1493 2005 1558 more
2042 1460 2203 1560 condi·

584 1595 587 1602 Δ
667 1621 731 1721 ta,
765 1592 956 1732 reposita
974 1621 1117 1717 erant,
1154 1591 1405 1696 disseriturs
1443 1598 1600 1727 Atque
1624 1629 1854 1695 excomm
1880 1591 2202 1734 sonnaetpin·

669 1733 807 1870 gendi
829 1733 985 1856 modo,
1007 1759 1054 1834 et
1069 1730 1301 1868 sculpturae
1318 1756 1365 1831 et
1385 1734 1567 1869 pistura
1583 1733 1828 1868 primordia
1840 1732 1899 1832 ad
1913 1737 2094 1836 Graecos
2110 1759 2204 1835 tra·

669 1872 806 1972 dueta
826 1871 928 1994 else,
966 1871 1214 2006 conjicitur.
1287 1870 1467 1970 Deinde
1499 1901 1556 1966 ex
1588 1871 1773 2005 putrido
1816 1875 2006 1970 Mumiae
2042 1871 2202 1974 nostrae

672 2009 805 2129 statu,
841 2012 1161 2146 AEgyptiorum
1178 2029 1381 2108 veterum
1412 2005 1580 2106 vanitas
1607 2010 1826 2139 arguitur,
1861 2013 1943 2144 qui
1977 2007 2066 2108 hoc
2088 2045 2202 2110 con·

479 2172 484 2178 “
672 2145 827 2246 diendi
858 2149 964 2268 ritu,
1014 2144 1058 2244 se
1087 2146 1344 2280 corporibus
1370 2144 1510 2243 etiam
1538 2138 1623 2242 suis
1653 2145 2040 2244 inmortalitatem
2072 2143 2202 2282 quasr

671 2284 854 2384 daturos
874 2284 960 2385 else
981 2283 1234 2384 credebant
1290 2283 1420 2380 Tum
1459 2277 1579 2380 hanc
1600 2280 1869 2381 cadaverum
1899 2281 2202 2403 condituram,

672 2455 768 2524 non
792 2443 922 2520 tanto
944 2445 1202 2520 aromatum
1221 2410 1452 2555 apparatu,
1485 2441 1702 2550 tantoque
1724 2421 1919 2554 sumptu,
1955 2447 2128 2552 quanto
2144 2417 2204 2522 fi·

673 2563 740 2660 cri
762 2559 898 2658 solere
919 2559 1128 2681 traditur,
1171 2593 1323 2659 revera
1344 2553 1553 2658 effectam
1571 2553 1717 2679 fuisse,
1754 2593 1812 2656 ex
1828 2562 2020 2658 Mumiae
2044 2557 2202 2660 nostrae

676 2697 885 2829 reliquiis,
917 2720 1255 2828 ceterarumque
1277 2696 1503 2818 omnium,
1543 2729 1643 2828 qua
1669 2729 1699 2792 a
1719 2696 2102 2834 peregrinantibus
2123 2697 2205 2798 de-

674 2833 842 2971 scriptae
871 2833 989 2956 sunt,
1030 2831 1371 2933 demonstratur.

744 3165 1055 3378 integumenti
1097 3091 1802 3374 MumiaeTeiriierribirisilbartimb,
1842 3243 1968 3376 pislis
2000 3251 2205 3350 Deorum

675 3384 949 3516 imaginibus
969 3404 1140 3480 ornata.
1205 3378 1299 3476 Ubi
1326 3381 1602 3511 picturarum
1634 3411 1791 3476 earum
1834 3379 2072 3516 descriptio
2092 3423 2236 3520 que-⁸

677 3521 787 3622 dam
817 3521 974 3620 datur:
1013 3553 1209 3652 quarum
1246 3513 1432 3650 quidem
1447 3513 1690 3633 nonnullas,
1714 3513 1833 3615 hanc
1858 3516 2072 3619 cadavera
2092 3561 2206 3624 con-

594 3669 601 3678 '
679 3656 835 3757 diendi
852 3684 1009 3778 artem,
1028 3656 1247 3792 AEgyptiis
1268 3651 1381 3751 olirn
1398 3653 1610 3751 divinims
1622 3653 1778 3751 datam
1796 3655 1895 3775 effe,
1920 3651 2203 3788 fignificant3

679 3799 791 3894 item
810 3793 967 3928 lapidis
1003 3792 1095 3926 ejus
1115 3791 1376 3925 AEthiopici,
1402 3825 1540 3926 quem
1567 3789 1735 3889 cultelli
1764 3791 1878 3913 loco,
1907 3795 1956 3890 in
1993 3795 2207 3900 cadavere

681 3931 886 4052 secando,
919 3929 1204 4052 adhibebant,
1236 3927 1433 4028 sormam
1454 3925 1693 4050 exhibent3
1730 3955 1865 4065 atque
1888 3935 2094 4031 Deorum
2124 3939 2208 4034 eti·

681 4105 761 4168 am
794 4105 950 4168 eorum
977 4063 1160 4200 effigies,
1206 4069 1287 4199 qui
1318 4068 1569 4164 Auerrunci
1606 4070 1839 4203 praecipue,
1879 4069 1952 4166 seu
1982 4069 2208 4172 malorum

683 4207 1007 4341 propulsatores
1051 4203 1356 4325 habebantur3
1395 4202 1644 4339 quibusque
1678 4205 1899 4308 cadaveris
1926 4205 2209 4344 potissimum

684 4343 872 4444 tutelam
897 4346 1218 4442 commendare
1241 4341 1440 4443 solerent
