5212 6732
1021 668 1398 870 pm..

673 1017 692 1228 J
801 1043 1604 1168 Tauutaru·
1739 1093 1745 1102 ·

543 1386 792 1504 ULLA
823 1383 944 1500 haec
974 1425 1163 1534 aurea,
1208 1385 1365 1536 cujus
1406 1383 1644 1504 sormam
1688 1414 1745 1502 et
1766 1427 1926 1550 mag-

571 1552 883 1672 nitudinem
908 1585 1164 1671 accurate
1202 1433 1341 1670 satis
1357 1551 1658 1716 descriptas
1700 1555 2010 1704 damur,-

400 1759 590 1890 quum
605 1721 761 1872 urbis
783 1719 1029 1882 antiquae
1058 1759 1229 1840 rumrs
1244 1720 1504 1884 usquead
1535 1725 1681 1870 hanc
1700 1754 1926 1840 aetatem

400 1885 615 2058 sepulta
626 1859 948 2043 jacuiffets
934 1889 1149 2050 mtegra
1186 1919 1370 2008 tamen
1414 1863 1536 2052 post
1582 1921 1668 2009 tot
1716 1891 1930 2009 seculo-

402 2093 529 2206 rum
573 2055 866 2208 decursum
910 2087 1145 2217 reperta,
1191 2087 1360 2218 atque
1372 2055 1435 2174 in
1459 2059 1643 2176 lucem
1666 2081 1928 2178 revocata

192 2365 196 2372 ,
339 2288 343 2296 „
403 2227 523 2348 est.
587 2195 808 2346 Etenim
860 2227 905 2339 F
906 2224 1108 2343 olsores
1157 2225 1460 2390 quidam,
1446 2269 1505 2344 m
1554 2227 1932 2374 monumentis

402 2393 679 2515 veteribus
695 2391 1069 2559 explorandis,
1087 2367 1932 2559 marmoribusqueeruendisoc·

404 2561 614 2728 cupati,
657 2563 793 2682 dum
841 2557 1119 2684 Mausolei
1169 2607 1255 2714 qu
1247 2564 1450 2684 uldam
1497 2565 1781 2718 rudera‚j
1783 2577 1932 2684 uxta

403 2733 553 2862 ‚viam
577 2727 988 2876 Praenestinam,
1031 2731 1103 2847 ad
1124 2762 1387 2891 quartum
1409 2735 1480 2848 ab
1501 2737 1640 2850 urbe
1668 2612 1928 2896 lapidem,

405 2898 898 3066 perscrutantur,
883 2942 941 3016 m
969 2899 1236 3016 conclave
1266 2898 1705 3048 subterraneum,
1743 2897 1933 3062 pislu-

406 3068 481 3192 rit
514 3097 810 3216 ornatum,
855 3096 913 3185 et
957 3067 1191 3227 pulchre
1240 3066 1681 3230 pavimentatum
1719 3067 1935 3232 irrupe-

394 3251 576 3360 runt&
666 3235 860 3354 lnhoc
908 3275 1109 3352 urnam
1139 3277 1170 3350 e
1198 3278 1472 3353 marmore
1512 3235 1754 3355 nobilem
1796 3283 1937 3355 con-2

406 3404 710 3571 spicientet,
746 3381 970 3567 ejusque
1015 3407 1341 3567 operculum
1389 3405 1622 3567 plumbo
1650 3405 1935 3532 defixum.

406 3574 676 3738 nimisque
708 3570 1097 3737 ponderosum,
1161 3616 1371 3737 quam
1377 3603 1445 3691 ut
1488 3575 1732 3694 amoveri
1773 3573 1935 3694 facile

407 3742 605 3908 pollet,
662 3739 1087 3906 confringenteS,
1143 3720 1494 3860 vasculum
1480 3774 1630 3862 mtus
1686 3785 1763 3861 ex
1816 3745 1941 3864 ala-

398 3910 593 4030 'bostro
632 3907 940 4029 orientali
926 3941 1278 4058 rnvenerunt,
1322 3909 1378 4030 in
1413 3955 1528 4073 quo
1564 3909 1761 4049 ollium
1782 3957 1942 4032 com-

409 4079 702 4200 bustorum
724 4074 992 4242 reliquiae,
1035 4121 1306 4200 unacum
1332 4081 1439 4198 hac
1469 4085 1653 4231 Bulla,
1681 4081 2117 4200 conditae's

410 4279 597 4370 etant:
641 4247 731 4367 sed
753 4244 1079 4368 vasculum
1065 4278 1199 4366 rtem
1226 4244 1428 4416 ipsum,
1467 4292 1581 4412 prae
1613 4249 1785 4366 nimia
1809 4248 1933 4366 auri

410 4414 715 4664 reperiendi
744 4413 1069 4579 cupiditate,
1107 4413 1518 4582 confregerunt.
1605 4415 1787 4578 Atqui
1811 4421 1934 4534 lraec

474 4669 781 4752 ’Monumenta
799 4621 1005 4746 istiusmodi
1020 4661 1284 4772 Sepulchralla,
1316 4665 1478 4753 duarum
1501 4665 1675 4746 videlicet
1690 4665 1949 4775 contignatio

409 4816 523 4893 num,
555 4817 639 4900 qua
658 4788 756 4871 duae
770 4811 953 4888 cameras,
989 4785 1143 4868 alteram
1179 4787 1284 4868 alteri
1310 4786 1540 4927 impositam,
1573 4787 1777 4890 habebant,
1818 4815 1993 4894 graeco
2042 4785 2045 4796 '

411 4915 581 5015 nomine,
613 4910 768 5021 Distega
803 4905 1109 5019 appellabantur·
1136 4908 1184 4989 de
1218 4909 1385 5018 quibus'
1375 4937 1413 4988 tn
1442 4911 1602 5018 antiquis
1634 4909 2016 5018 inscriptionibus

411 5035 649 5117 mentionem
668 5033 811 5118 factam
829 5030 1034 5116 observavi.
1099 5032 1254 5115 Gruter.
1276 5059 1316 5143 p.
1342 5033 1452 5146 827
1472 5037 1511 5116 6.
1550 5033 1590 5114 it.
1623 5037 1736 5142 spon.
1769 5031 1939 5126 Miscell

410 5181 450 5268 p.
485 5185 595 5270 291,
609 5182 716 5272 292.

856 5293 859 5300 '
1137 5309 1183 5428 2
1446 5298 1448 5308 ·
1835 5269 1948 5388 tta-
