<?xml version="1.0" encoding="UTF-8"?>
<!DOCTYPE html PUBLIC "-//W3C//DTD XHTML 1.0 Transitional//EN"
    "http://www.w3.org/TR/xhtml1/DTD/xhtml1-transitional.dtd">
<html xmlns="http://www.w3.org/1999/xhtml" xml:lang="en" lang="en">
 <head>
  <title>
</title>
<meta http-equiv="Content-Type" content="text/html;charset=utf-8" />
  <meta name='ocr-system' content='tesseract 3.04.00' />
  <meta name='ocr-capabilities' content='ocr_page ocr_carea ocr_par ocr_line ocrx_word'/>
</head>
<body>
  <div class='ocr_page' id='page_1' title='image "./germanaquaedama00middgoog_0204.png"; bbox 0 0 5008 6720; ppageno 0'>
   <div class='ocr_carea' id='block_1_1' title="bbox 730 647 1827 818">
    <p class='ocr_par' dir='ltr' id='par_1_1' title="bbox 730 647 1827 818">
     <span class='ocr_line' id='line_1_1' title="bbox 730 647 1827 818; baseline -0.008 -41"><span class='ocrx_word' id='word_1_1' title='bbox 730 693 853 818; x_wconf 80' lang='lat'>154</span> <span class='ocrx_word' id='word_1_2' title='bbox 1105 647 1580 806; x_wconf 85' lang='lat' dir='ltr'><strong>TABULA</strong></span> <span class='ocrx_word' id='word_1_3' title='bbox 1653 649 1827 768; x_wconf 83' lang='lat' dir='ltr'>XllL</span> 
     </span>
    </p>
   </div>
   <div class='ocr_carea' id='block_1_2' title="bbox 614 844 2252 2708">
    <p class='ocr_par' dir='ltr' id='par_1_2' title="bbox 716 844 2248 1355">
     <span class='ocr_line' id='line_1_2' title="bbox 721 844 2245 1037; baseline -0.001 -65"><span class='ocrx_word' id='word_1_4' title='bbox 721 853 857 972; x_wconf 89' lang='lat' dir='ltr'>thus</span> <span class='ocrx_word' id='word_1_5' title='bbox 883 851 1131 1006; x_wconf 81' lang='lat' dir='ltr'>adolere,</span> <span class='ocrx_word' id='word_1_6' title='bbox 1176 855 1509 1014; x_wconf 86' lang='lat' dir='ltr'>cultumque</span> <span class='ocrx_word' id='word_1_7' title='bbox 1540 847 1758 1037; x_wconf 86' lang='lat' dir='ltr'>prorsus</span> <span class='ocrx_word' id='word_1_8' title='bbox 1784 844 2042 968; x_wconf 86' lang='lat' dir='ltr'>divinum</span> <span class='ocrx_word' id='word_1_9' title='bbox 2068 851 2245 972; x_wconf 89' lang='lat' dir='ltr'>tribu·</span> 
     </span>
     <span class='ocr_line' id='line_1_3' title="bbox 716 1015 2248 1187; baseline 0.001 -48"><span class='ocrx_word' id='word_1_10' title='bbox 716 1063 812 1141; x_wconf 84' lang='lat' dir='ltr'>cre</span> <span class='ocrx_word' id='word_1_11' title='bbox 840 1021 1100 1142; x_wconf 87' lang='lat' dir='ltr'>solebant</span> <span class='ocrx_word' id='word_1_12' title='bbox 1187 1033 1229 1092; x_wconf 92' lang='lat'><strong>“</strong></span> <span class='ocrx_word' id='word_1_13' title='bbox 1264 1021 1444 1187; x_wconf 90' lang='lat' dir='ltr'>Apud</span> <span class='ocrx_word' id='word_1_14' title='bbox 1474 1015 1684 1138; x_wconf 86' lang='lat' dir='ltr'>Heium</span> <span class='ocrx_word' id='word_1_15' title='bbox 1705 1017 2136 1170; x_wconf 83' lang='lat' dir='ltr'>Mamertinum,</span> <span class='ocrx_word' id='word_1_16' title='bbox 2179 1053 2248 1140; x_wconf 86' lang='lat' dir='ltr'>ut</span> 
     </span>
     <span class='ocr_line' id='line_1_4' title="bbox 722 1187 2244 1379; baseline -0.001 -69"><span class='ocrx_word' id='word_1_17' title='bbox 722 1201 765 1260; x_wconf 92' lang='lat'><strong>“</strong></span> <span class='ocrx_word' id='word_1_18' title='bbox 811 1190 1010 1313; x_wconf 88' lang='lat' dir='ltr'>Cicero</span> <span class='ocrx_word' id='word_1_19' title='bbox 1030 1189 1229 1341; x_wconf 83' lang='lat' dir='ltr'>scribit,</span> <span class='ocrx_word' id='word_1_20' title='bbox 1273 1187 1566 1310; x_wconf 86' lang='lat' dir='ltr'>sacrarium</span> <span class='ocrx_word' id='word_1_21' title='bbox 1594 1217 1712 1308; x_wconf 90' lang='lat' dir='ltr'>erat</span> <span class='ocrx_word' id='word_1_22' title='bbox 1737 1227 1941 1352; x_wconf 86' lang='lat' dir='ltr'>magna</span> <span class='ocrx_word' id='word_1_23' title='bbox 1970 1231 2102 1306; x_wconf 88' lang='lat' dir='ltr'>cum</span> <span class='ocrx_word' id='word_1_24' title='bbox 2123 1191 2244 1379; x_wconf 82' lang='lat' dir='ltr'>dig·</span> 
     </span>
    </p>

    <p class='ocr_par' dir='ltr' id='par_1_3' title="bbox 614 1356 2252 2708">
     <span class='ocr_line' id='line_1_5' title="bbox 719 1356 2252 1521; baseline -0.003 -40.794"><span class='ocrx_word' id='word_1_25' title='bbox 719 1359 970 1480; x_wconf 83' lang='lat' dir='ltr'>“nitate</span> <span class='ocrx_word' id='word_1_26' title='bbox 999 1405 1035 1480; x_wconf 86' lang='lat' dir='ltr'>a</span> <span class='ocrx_word' id='word_1_27' title='bbox 1061 1358 1360 1513; x_wconf 71' lang='lat' dir='ltr'>majoribus</span> <span class='ocrx_word' id='word_1_28' title='bbox 1380 1356 1669 1508; x_wconf 81' lang='lat' dir='ltr'>tradlmm,</span> <span class='ocrx_word' id='word_1_29' title='bbox 1712 1357 2132 1521; x_wconf 82' lang='lat' dir='ltr'>perantiquum.</span> <span class='ocrx_word' id='word_1_30' title='bbox 2187 1359 2252 1476; x_wconf 80' lang='lat' dir='ltr'>im</span> 
     </span>
     <span class='ocr_line' id='line_1_6' title="bbox 719 1525 2242 1696; baseline 0 -50"><span class='ocrx_word' id='word_1_31' title='bbox 719 1537 763 1599; x_wconf 86' lang='lat'>“</span> <span class='ocrx_word' id='word_1_32' title='bbox 806 1573 925 1692; x_wconf 93' lang='lat' dir='ltr'>quo</span> <span class='ocrx_word' id='word_1_33' title='bbox 953 1527 1104 1696; x_wconf 74' lang='lat' dir='ltr'>signa</span> <span class='ocrx_word' id='word_1_34' title='bbox 1131 1527 1501 1694; x_wconf 83' lang='lat' dir='ltr'>pulcherrima</span> <span class='ocrx_word' id='word_1_35' title='bbox 1527 1555 1792 1690; x_wconf 84' lang='lat' dir='ltr'>quatuor,</span> <span class='ocrx_word' id='word_1_36' title='bbox 1851 1525 2069 1644; x_wconf 91' lang='lat' dir='ltr'>summo</span> <span class='ocrx_word' id='word_1_37' title='bbox 2110 1536 2242 1646; x_wconf 85' lang='lat' dir='ltr'>arti·</span> 
     </span>
     <span class='ocr_line' id='line_1_7' title="bbox 721 1691 2247 1858; baseline -0.001 -42"><span class='ocrx_word' id='word_1_38' title='bbox 721 1707 761 1768; x_wconf 87' lang='lat'>“</span> <span class='ocrx_word' id='word_1_39' title='bbox 804 1697 950 1845; x_wconf 89' lang='lat' dir='ltr'>ficio,</span> <span class='ocrx_word' id='word_1_40' title='bbox 994 1697 1206 1816; x_wconf 84' lang='lat' dir='ltr'>summa</span> <span class='ocrx_word' id='word_1_41' title='bbox 1248 1695 1816 1816; x_wconf 69' lang='lat' dir='ltr'>nobilitate-unum</span> <span class='ocrx_word' id='word_1_42' title='bbox 1870 1691 2163 1858; x_wconf 86' lang='lat' dir='ltr'>Cupidinis</span> <span class='ocrx_word' id='word_1_43' title='bbox 2210 1739 2247 1814; x_wconf 90' lang='lat' dir='ltr'>e</span> 
     </span>
     <span class='ocr_line' id='line_1_8' title="bbox 614 1863 2244 2056; baseline -0.002 -70"><span class='ocrx_word' id='word_1_44' title='bbox 614 1905 626 1922; x_wconf 80' lang='grc'><em>·</em></span> <span class='ocrx_word' id='word_1_45' title='bbox 721 1877 761 1936; x_wconf 88' lang='grc'>“</span> <span class='ocrx_word' id='word_1_46' title='bbox 803 1909 1098 2056; x_wconf 79' lang='lat' dir='ltr'>marmore,</span> <span class='ocrx_word' id='word_1_47' title='bbox 1144 1863 1463 2016; x_wconf 79' lang='lat' dir='ltr'>Praxitelis3</span> <span class='ocrx_word' id='word_1_48' title='bbox 1502 1867 1763 2014; x_wconf 81' lang='lat' dir='ltr'>alterum,</span> <span class='ocrx_word' id='word_1_49' title='bbox 1792 1863 2056 1983; x_wconf 87' lang='lat' dir='ltr'>Herculis</span> <span class='ocrx_word' id='word_1_50' title='bbox 2089 1895 2244 2029; x_wconf 76' lang='lat' dir='ltr'>egr·-</span> 
     </span>
     <span class='ocr_line' id='line_1_9' title="bbox 710 2031 2243 2202; baseline -0.001 -50"><span class='ocrx_word' id='word_1_51' title='bbox 710 2047 761 2108; x_wconf 74' lang='lat'>&#39;“</span> <span class='ocrx_word' id='word_1_52' title='bbox 803 2033 894 2202; x_wconf 85' lang='lat' dir='ltr'>gie</span> <span class='ocrx_word' id='word_1_53' title='bbox 943 2031 1162 2156; x_wconf 69' lang='lat' dir='ltr'>labium</span> <span class='ocrx_word' id='word_1_54' title='bbox 1190 2079 1263 2154; x_wconf 86' lang='lat' dir='ltr'>ex</span> <span class='ocrx_word' id='word_1_55' title='bbox 1285 2077 1413 2183; x_wconf 80' lang='lat' dir='ltr'>acre,</span> <span class='ocrx_word' id='word_1_56' title='bbox 1459 2031 1724 2196; x_wconf 86' lang='lat' dir='ltr'>Myronis</span> <span class='ocrx_word' id='word_1_57' title='bbox 1748 2075 1928 2197; x_wconf 83' lang='lat' dir='ltr'>opus:</span> <span class='ocrx_word' id='word_1_58' title='bbox 1972 2033 2107 2150; x_wconf 84' lang='lat' dir='ltr'>item</span> <span class='ocrx_word' id='word_1_59' title='bbox 2143 2076 2243 2150; x_wconf 86' lang='lat' dir='ltr'>arr·</span> 
     </span>
     <span class='ocr_line' id='line_1_10' title="bbox 720 2201 2244 2365; baseline -0.001 -42"><span class='ocrx_word' id='word_1_60' title='bbox 720 2215 765 2282; x_wconf 91' lang='lat'><strong>“</strong></span> <span class='ocrx_word' id='word_1_61' title='bbox 807 2236 864 2323; x_wconf 91' lang='lat' dir='ltr'>te</span> <span class='ocrx_word' id='word_1_62' title='bbox 891 2205 1053 2324; x_wconf 84' lang='lat' dir='ltr'>hosce</span> <span class='ocrx_word' id='word_1_63' title='bbox 1082 2207 1238 2324; x_wconf 88' lang='lat' dir='ltr'>Deos</span> <span class='ocrx_word' id='word_1_64' title='bbox 1280 2235 1438 2322; x_wconf 89' lang='lat' dir='ltr'>erant</span> <span class='ocrx_word' id='word_1_65' title='bbox 1463 2205 1662 2352; x_wconf 77' lang='lat' dir='ltr'>arulae,</span> <span class='ocrx_word' id='word_1_66' title='bbox 1706 2244 1837 2365; x_wconf 84' lang='lat' dir='ltr'>quae</span> <span class='ocrx_word' id='word_1_67' title='bbox 1864 2201 2073 2318; x_wconf 80' lang='lat' dir='ltr'>sacrarii</span> <span class='ocrx_word' id='word_1_68' title='bbox 2116 2201 2244 2322; x_wconf 85' lang='lat' dir='ltr'>reli-</span> 
     </span>
     <span class='ocr_line' id='line_1_11' title="bbox 718 2367 2242 2559; baseline -0.002 -66"><span class='ocrx_word' id='word_1_69' title='bbox 718 2383 762 2442; x_wconf 88' lang='lat'><strong>“</strong></span> <span class='ocrx_word' id='word_1_70' title='bbox 805 2375 1029 2540; x_wconf 87' lang='lat' dir='ltr'>gionem</span> <span class='ocrx_word' id='word_1_71' title='bbox 1068 2369 1365 2539; x_wconf 84' lang='lat' dir='ltr'>fignificare</span> <span class='ocrx_word' id='word_1_72' title='bbox 1387 2367 1615 2538; x_wconf 82' lang='lat' dir='ltr'>pollent</span> <span class='ocrx_word' id='word_1_73' title='bbox 1704 2375 1879 2490; x_wconf 84' lang='lat' dir='ltr'><strong>Erant</strong></span> <span class='ocrx_word' id='word_1_74' title='bbox 1910 2413 2067 2488; x_wconf 82' lang='lat' dir='ltr'>aenea</span> <span class='ocrx_word' id='word_1_75' title='bbox 2096 2413 2242 2559; x_wconf 75' lang='lat' dir='ltr'>prae·</span> 
     </span>
     <span class='ocr_line' id='line_1_12' title="bbox 719 2535 2243 2708; baseline 0 -48"><span class='ocrx_word' id='word_1_76' title='bbox 719 2553 953 2664; x_wconf 87' lang='lat' dir='ltr'>“terea</span> <span class='ocrx_word' id='word_1_77' title='bbox 1007 2539 1157 2708; x_wconf 82' lang='lat' dir='ltr'>figna</span> <span class='ocrx_word' id='word_1_78' title='bbox 1206 2541 1343 2692; x_wconf 89' lang='lat' dir='ltr'>duo,</span> <span class='ocrx_word' id='word_1_79' title='bbox 1408 2583 1523 2661; x_wconf 89' lang='lat' dir='ltr'>non</span> <span class='ocrx_word' id='word_1_80' title='bbox 1566 2537 1830 2690; x_wconf 84' lang='lat' dir='ltr'>maxima,</span> <span class='ocrx_word' id='word_1_81' title='bbox 1896 2535 1987 2655; x_wconf 87' lang='lat' dir='ltr'>sed</span> <span class='ocrx_word' id='word_1_82' title='bbox 2037 2538 2243 2660; x_wconf 76' lang='lat' dir='ltr'>eximia</span> 
     </span>
    </p>
   </div>
   <div class='ocr_carea' id='block_1_3' title="bbox 427 2705 2238 2876">
    <p class='ocr_par' dir='ltr' id='par_1_4' title="bbox 427 2705 2238 2876">
     <span class='ocr_line' id='line_1_13' title="bbox 427 2705 2238 2876; baseline -0.001 -49"><span class='ocrx_word' id='word_1_83' title='bbox 427 2845 432 2856; x_wconf 20' lang='lat'><strong><em>³</em></strong></span> <span class='ocrx_word' id='word_1_84' title='bbox 719 2722 760 2780; x_wconf 87' lang='lat'><strong>“</strong></span> <span class='ocrx_word' id='word_1_85' title='bbox 802 2711 1115 2862; x_wconf 86' lang='lat' dir='ltr'>venustate,</span> <span class='ocrx_word' id='word_1_86' title='bbox 1178 2707 1432 2876; x_wconf 86' lang='lat' dir='ltr'>virginali</span> <span class='ocrx_word' id='word_1_87' title='bbox 1476 2707 1674 2830; x_wconf 86' lang='lat' dir='ltr'>habitu</span> <span class='ocrx_word' id='word_1_88' title='bbox 1724 2742 1896 2875; x_wconf 87' lang='lat' dir='ltr'>atque</span> <span class='ocrx_word' id='word_1_89' title='bbox 1940 2705 2160 2858; x_wconf 86' lang='lat' dir='ltr'>vestitu,</span> <span class='ocrx_word' id='word_1_90' title='bbox 2163 2781 2238 2810; x_wconf 86' lang='lat'>--</span> 
     </span>
    </p>
   </div>
   <div class='ocr_carea' id='block_1_4' title="bbox 450 2803 2239 3070">
    <p class='ocr_par' dir='ltr' id='par_1_5' title="bbox 450 2803 2239 3070">
     <span class='ocr_line' id='line_1_14' title="bbox 450 2803 2239 3070; baseline -0.011 -59"><span class='ocrx_word' id='word_1_91' title='bbox 450 3025 459 3070; x_wconf 15' lang='lat'>¹¹</span> <span class='ocrx_word' id='word_1_92' title='bbox 718 2891 759 2986; x_wconf 89' lang='lat'>.“</span> <span class='ocrx_word' id='word_1_93' title='bbox 805 2882 1156 3046; x_wconf 71' lang='lat' dir='ltr'>Canephoroe</span> <span class='ocrx_word' id='word_1_94' title='bbox 1201 2879 1329 3044; x_wconf 80' lang='lat' dir='ltr'>iplae</span> <span class='ocrx_word' id='word_1_95' title='bbox 1352 2881 2039 3042; x_wconf 65' lang='lat' dir='ltr'>vocabantur-»quarum</span> <span class='ocrx_word' id='word_1_96' title='bbox 2071 2803 2239 2998; x_wconf 69' lang='lat' dir='ltr'>ariifi-</span> 
     </span>
    </p>
   </div>
   <div class='ocr_carea' id='block_1_5' title="bbox 692 3045 2284 4522">
    <p class='ocr_par' dir='ltr' id='par_1_6' title="bbox 692 3045 2284 4522">
     <span class='ocr_line' id='line_1_15' title="bbox 718 3045 2239 3238; baseline 0 -70"><span class='ocrx_word' id='word_1_97' title='bbox 718 3061 760 3118; x_wconf 87' lang='lat'>“</span> <span class='ocrx_word' id='word_1_98' title='bbox 800 3092 924 3168; x_wconf 87' lang='lat' dir='ltr'>cem</span> <span class='ocrx_word' id='word_1_99' title='bbox 972 3051 1326 3238; x_wconf 81' lang='lat' dir='ltr'>Polycletum</span> <span class='ocrx_word' id='word_1_100' title='bbox 1370 3047 1476 3170; x_wconf 79' lang='lat' dir='ltr'>else</span> <span class='ocrx_word' id='word_1_101' title='bbox 1525 3047 2004 3170; x_wconf 81' lang='lat' dir='ltr'>dicebant--baec</span> <span class='ocrx_word' id='word_1_102' title='bbox 2052 3045 2239 3168; x_wconf 75' lang='lat' dir='ltr'>onmia</span> 
     </span>
     <span class='ocr_line' id='line_1_16' title="bbox 719 3215 2238 3408; baseline 0 -72"><span class='ocrx_word' id='word_1_103' title='bbox 719 3229 760 3288; x_wconf 80' lang='lat'>‘⁶</span> <span class='ocrx_word' id='word_1_104' title='bbox 804 3215 957 3408; x_wconf 64' lang='lat' dir='ltr'>ligno</span> <span class='ocrx_word' id='word_1_105' title='bbox 993 3219 1069 3336; x_wconf 87' lang='lat' dir='ltr'>ab</span> <span class='ocrx_word' id='word_1_106' title='bbox 1115 3215 1267 3337; x_wconf 88' lang='lat' dir='ltr'>Heio</span> <span class='ocrx_word' id='word_1_107' title='bbox 1294 3219 1365 3337; x_wconf 90' lang='lat' dir='ltr'>de</span> <span class='ocrx_word' id='word_1_108' title='bbox 1408 3218 1659 3339; x_wconf 86' lang='lat' dir='ltr'>Sacrario</span> <span class='ocrx_word' id='word_1_109' title='bbox 1687 3221 1893 3338; x_wconf 83' lang='lat' dir='ltr'>Verres</span> <span class='ocrx_word' id='word_1_110' title='bbox 1919 3215 2199 3336; x_wconf 87' lang='lat' dir='ltr'>abstulit’.</span> <span class='ocrx_word' id='word_1_111' title='bbox 2164 3217 2238 3280; x_wconf 90' lang='lat'>”’</span> 
     </span>
     <span class='ocr_line' id='line_1_17' title="bbox 804 3384 2238 3574; baseline 0.001 -70"><span class='ocrx_word' id='word_1_112' title='bbox 804 3384 1175 3574; x_wconf 78' lang='lat' dir='ltr'>Qinetiam</span> <span class='ocrx_word' id='word_1_113' title='bbox 1161 3431 1220 3506; x_wconf 88' lang='lat' dir='ltr'>m</span> <span class='ocrx_word' id='word_1_114' title='bbox 1240 3387 1509 3510; x_wconf 88' lang='lat' dir='ltr'>cubiculis</span> <span class='ocrx_word' id='word_1_115' title='bbox 1528 3431 1773 3554; x_wconf 90' lang='lat' dir='ltr'>quoque,</span> <span class='ocrx_word' id='word_1_116' title='bbox 1797 3390 1957 3505; x_wconf 85' lang='lat' dir='ltr'>Deos</span> <span class='ocrx_word' id='word_1_117' title='bbox 1970 3386 2238 3506; x_wconf 81' lang='lat' dir='ltr'>boscedo—</span> 
     </span>
     <span class='ocr_line' id='line_1_18' title="bbox 718 3553 2240 3722; baseline 0 -46"><span class='ocrx_word' id='word_1_118' title='bbox 718 3553 989 3705; x_wconf 78' lang='lat' dir='ltr'>mellicos,</span> <span class='ocrx_word' id='word_1_119' title='bbox 1032 3557 1310 3722; x_wconf 73' lang='lat' dir='ltr'>Larcique</span> <span class='ocrx_word' id='word_1_120' title='bbox 1332 3556 1611 3678; x_wconf 84' lang='lat' dir='ltr'>interdum</span> <span class='ocrx_word' id='word_1_121' title='bbox 1637 3559 2095 3704; x_wconf 75' lang='lat' dir='ltr'>collocaban13et</span> <span class='ocrx_word' id='word_1_122' title='bbox 2125 3560 2240 3676; x_wconf 92' lang='lat' dir='ltr'>Cu-</span> 
     </span>
     <span class='ocr_line' id='line_1_19' title="bbox 692 3721 2238 3890; baseline -0.001 -46"><span class='ocrx_word' id='word_1_123' title='bbox 692 3722 988 3880; x_wconf 30' lang='lat' dir='ltr'>‚biculares</span> <span class='ocrx_word' id='word_1_124' title='bbox 1043 3723 1168 3844; x_wconf 92' lang='lat' dir='ltr'>ideo</span> <span class='ocrx_word' id='word_1_125' title='bbox 1214 3727 1582 3890; x_wconf 82' lang='lat' dir='ltr'>appellabant.</span> <span class='ocrx_word' id='word_1_126' title='bbox 1670 3730 1870 3888; x_wconf 88' lang='lat' dir='ltr'>Atque</span> <span class='ocrx_word' id='word_1_127' title='bbox 1918 3721 2113 3844; x_wconf 88' lang='lat' dir='ltr'>hinc</span> <span class='ocrx_word' id='word_1_128' title='bbox 2098 3757 2238 3844; x_wconf 85' lang='lat' dir='ltr'>mter</span> 
     </span>
     <span class='ocr_line' id='line_1_20' title="bbox 718 3893 2243 4059; baseline 0.003 -49"><span class='ocrx_word' id='word_1_129' title='bbox 718 3893 919 4013; x_wconf 80' lang='lat' dir='ltr'>domus</span> <span class='ocrx_word' id='word_1_130' title='bbox 960 3893 1241 4058; x_wconf 78' lang='lat' dir='ltr'>Augustae</span> <span class='ocrx_word' id='word_1_131' title='bbox 1280 3893 1489 4047; x_wconf 85' lang='lat' dir='ltr'>officia,</span> <span class='ocrx_word' id='word_1_132' title='bbox 1514 3895 1719 4048; x_wconf 86' lang='lat' dir='ltr'>servos,</span> <span class='ocrx_word' id='word_1_133' title='bbox 1764 3938 1863 4059; x_wconf 78' lang='lat' dir='ltr'>qur</span> <span class='ocrx_word' id='word_1_134' title='bbox 1903 3935 2055 4015; x_wconf 86' lang='lat' dir='ltr'>curae</span> <span class='ocrx_word' id='word_1_135' title='bbox 2085 3895 2243 4014; x_wconf 85' lang='lat' dir='ltr'>Lari·</span> 
     </span>
     <span class='ocr_line' id='line_1_21' title="bbox 718 4061 2284 4228; baseline 0 -46"><span class='ocrx_word' id='word_1_136' title='bbox 718 4107 820 4182; x_wconf 90' lang='lat' dir='ltr'>um</span> <span class='ocrx_word' id='word_1_137' title='bbox 879 4061 1139 4181; x_wconf 87' lang='lat' dir='ltr'>Cubiculi</span> <span class='ocrx_word' id='word_1_138' title='bbox 1196 4065 1486 4228; x_wconf 79' lang='lat' dir='ltr'>praeluerc,</span> <span class='ocrx_word' id='word_1_139' title='bbox 1514 4095 1972 4186; x_wconf 85' lang='lat' dir='ltr'>commemoratos</span> <span class='ocrx_word' id='word_1_140' title='bbox 2029 4063 2284 4182; x_wconf 87' lang='lat' dir='ltr'>inveni-&#39;</span> 
     </span>
     <span class='ocr_line' id='line_1_22' title="bbox 720 4231 2241 4398; baseline -0.001 -44"><span class='ocrx_word' id='word_1_141' title='bbox 720 4247 905 4354; x_wconf 75' lang='lat' dir='ltr'>mus²z</span> <span class='ocrx_word' id='word_1_142' title='bbox 949 4275 1113 4398; x_wconf 84' lang='lat' dir='ltr'>equa</span> <span class='ocrx_word' id='word_1_143' title='bbox 1131 4231 1360 4396; x_wconf 86' lang='lat' dir='ltr'>quidem</span> <span class='ocrx_word' id='word_1_144' title='bbox 1379 4237 1635 4355; x_wconf 89' lang='lat' dir='ltr'>Deorum</span> <span class='ocrx_word' id='word_1_145' title='bbox 1655 4233 1834 4384; x_wconf 77' lang='lat' dir='ltr'>claffo,</span> <span class='ocrx_word' id='word_1_146' title='bbox 1880 4245 1919 4303; x_wconf 89' lang='lat'>“</span> <span class='ocrx_word' id='word_1_147' title='bbox 1961 4235 2145 4382; x_wconf 88' lang='lat' dir='ltr'>Nero,</span> <span class='ocrx_word' id='word_1_148' title='bbox 2174 4265 2241 4352; x_wconf 84' lang='lat' dir='ltr'>ut</span> 
     </span>
     <span class='ocr_line' id='line_1_23' title="bbox 2025 4406 2245 4522; baseline 0 -1"><span class='ocrx_word' id='word_1_149' title='bbox 2025 4413 2064 4471; x_wconf 88' lang='lat'>“</span> <span class='ocrx_word' id='word_1_150' title='bbox 2104 4406 2245 4522; x_wconf 88' lang='lat' dir='ltr'>Sue·</span> 
     </span>
    </p>
   </div>
   <div class='ocr_carea' id='block_1_6' title="bbox 720 4701 2245 5386">
    <p class='ocr_par' dir='ltr' id='par_1_7' title="bbox 720 4701 2245 5386">
     <span class='ocr_line' id='line_1_24' title="bbox 788 4701 1135 4804; baseline -0.006 -22"><span class='ocrx_word' id='word_1_151' title='bbox 788 4723 804 4758; x_wconf 59' lang='grc'>*</span> <span class='ocrx_word' id='word_1_152' title='bbox 832 4703 878 4782; x_wconf 84' lang='lat' dir='ltr'>ln</span> <span class='ocrx_word' id='word_1_153' title='bbox 893 4701 1002 4782; x_wconf 77' lang='lat' dir='ltr'>Verr.</span> <span class='ocrx_word' id='word_1_154' title='bbox 1025 4725 1067 4804; x_wconf 85' lang='lat'>4.</span> <span class='ocrx_word' id='word_1_155' title='bbox 1092 4723 1135 4782; x_wconf 86' lang='lat'>2.-</span> 
     </span>
     <span class='ocr_line' id='line_1_25' title="bbox 785 4818 2236 4935; baseline -0.003 -34"><span class='ocrx_word' id='word_1_156' title='bbox 785 4835 805 4869; x_wconf 73' lang='lat'>²</span> <span class='ocrx_word' id='word_1_157' title='bbox 832 4824 932 4904; x_wconf 88' lang='lat' dir='ltr'>Suet.</span> <span class='ocrx_word' id='word_1_158' title='bbox 952 4822 991 4912; x_wconf 72' lang='lat' dir='ltr'>in</span> <span class='ocrx_word' id='word_1_159' title='bbox 1007 4821 1204 4904; x_wconf 79' lang='lat' dir='ltr'>Domitam</span> <span class='ocrx_word' id='word_1_160' title='bbox 1228 4849 1294 4935; x_wconf 88' lang='lat'>17.</span> <span class='ocrx_word' id='word_1_161' title='bbox 1318 4820 1381 4901; x_wconf 87' lang='lat' dir='ltr'>Ad</span> <span class='ocrx_word' id='word_1_162' title='bbox 1397 4818 1534 4903; x_wconf 83' lang='lat' dir='ltr'>barum</span> <span class='ocrx_word' id='word_1_163' title='bbox 1557 4841 1686 4904; x_wconf 85' lang='lat' dir='ltr'>autem</span> <span class='ocrx_word' id='word_1_164' title='bbox 1706 4821 1918 4932; x_wconf 85' lang='lat' dir='ltr'>imagiuum</span> <span class='ocrx_word' id='word_1_165' title='bbox 1938 4821 2086 4901; x_wconf 85' lang='lat' dir='ltr'>cultum</span> <span class='ocrx_word' id='word_1_166' title='bbox 2101 4835 2139 4898; x_wconf 84' lang='lat' dir='ltr'>ct</span> <span class='ocrx_word' id='word_1_167' title='bbox 2153 4818 2236 4898; x_wconf 83' lang='lat' dir='ltr'>cus.</span> 
     </span>
     <span class='ocr_line' id='line_1_26' title="bbox 721 4937 2245 5052; baseline -0.003 -28"><span class='ocrx_word' id='word_1_168' title='bbox 721 4937 876 5038; x_wconf 71' lang='lat' dir='ltr'>rodiam,</span> <span class='ocrx_word' id='word_1_169' title='bbox 909 4942 1122 5051; x_wconf 85' lang='lat' dir='ltr'>Collegium</span> <span class='ocrx_word' id='word_1_170' title='bbox 1138 4944 1252 5024; x_wconf 84' lang='lat' dir='ltr'>etiam</span> <span class='ocrx_word' id='word_1_171' title='bbox 1282 4941 1345 5025; x_wconf 85' lang='lat' dir='ltr'>seu</span> <span class='ocrx_word' id='word_1_172' title='bbox 1366 4943 1591 5048; x_wconf 82' lang='lat' dir='ltr'>sodalitium,</span> <span class='ocrx_word' id='word_1_173' title='bbox 1625 4945 1814 5026; x_wconf 86' lang='lat' dir='ltr'>Caesarum</span> <span class='ocrx_word' id='word_1_174' title='bbox 1843 4943 2073 5052; x_wconf 86' lang='lat' dir='ltr'>temporibus</span> <span class='ocrx_word' id='word_1_175' title='bbox 2094 4940 2245 5020; x_wconf 83' lang='lat' dir='ltr'>institu—</span> 
     </span>
     <span class='ocr_line' id='line_1_27' title="bbox 721 5061 2238 5176; baseline -0.003 -32"><span class='ocrx_word' id='word_1_176' title='bbox 721 5083 805 5144; x_wconf 79' lang='lat' dir='ltr'>rum</span> <span class='ocrx_word' id='word_1_177' title='bbox 829 5061 947 5166; x_wconf 81' lang='lat' dir='ltr'>fuiffe,</span> <span class='ocrx_word' id='word_1_178' title='bbox 979 5067 1175 5146; x_wconf 87' lang='lat' dir='ltr'>Fabrettus</span> <span class='ocrx_word' id='word_1_179' title='bbox 1194 5065 1317 5164; x_wconf 85' lang='lat' dir='ltr'>docet,</span> <span class='ocrx_word' id='word_1_180' title='bbox 1350 5069 1454 5175; x_wconf 92' lang='lat' dir='ltr'>quod</span> <span class='ocrx_word' id='word_1_181' title='bbox 1475 5063 1667 5176; x_wconf 70' lang='lat' dir='ltr'>Collegium</span> <span class='ocrx_word' id='word_1_182' title='bbox 1685 5093 1854 5174; x_wconf 83' lang='lat' dir='ltr'>magnum</span> <span class='ocrx_word' id='word_1_183' title='bbox 1875 5067 2019 5148; x_wconf 80' lang='lat' dir='ltr'>Larum</span> <span class='ocrx_word' id='word_1_184' title='bbox 2041 5077 2079 5142; x_wconf 84' lang='lat' dir='ltr'>et</span> <span class='ocrx_word' id='word_1_185' title='bbox 2098 5061 2238 5170; x_wconf 83' lang='lat' dir='ltr'>Imagi-</span> 
     </span>
     <span class='ocr_line' id='line_1_28' title="bbox 720 5181 2236 5302; baseline -0.001 -32"><span class='ocrx_word' id='word_1_186' title='bbox 720 5215 823 5291; x_wconf 54' lang='lat' dir='ltr'>num‚‚</span> <span class='ocrx_word' id='word_1_187' title='bbox 849 5185 888 5268; x_wconf 89' lang='lat' dir='ltr'>in</span> <span class='ocrx_word' id='word_1_188' title='bbox 908 5185 1209 5296; x_wconf 72' lang='lat' dir='ltr'>[ascriptionibus</span> <span class='ocrx_word' id='word_1_189' title='bbox 1229 5191 1389 5300; x_wconf 78' lang='lat' dir='ltr'>antiquis</span> <span class='ocrx_word' id='word_1_190' title='bbox 1409 5189 1628 5302; x_wconf 79' lang='lat' dir='ltr'>appellatur.</span> <span class='ocrx_word' id='word_1_191' title='bbox 1662 5189 1727 5302; x_wconf 80' lang='lat' dir='ltr'>[de</span> <span class='ocrx_word' id='word_1_192' title='bbox 1749 5189 1903 5274; x_wconf 82' lang='lat' dir='ltr'>Colum.</span> <span class='ocrx_word' id='word_1_193' title='bbox 1926 5187 2030 5296; x_wconf 83' lang='lat' dir='ltr'>Traj.</span> <span class='ocrx_word' id='word_1_194' title='bbox 2051 5213 2090 5297; x_wconf 83' lang='lat' dir='ltr'>p.</span> <span class='ocrx_word' id='word_1_195' title='bbox 2116 5181 2236 5296; x_wconf 55' lang='lat'>205]</span> 
     </span>
     <span class='ocr_line' id='line_1_29' title="bbox 806 5335 2245 5386; baseline -0.003 -12"><span class='ocrx_word' id='word_1_196' title='bbox 806 5357 811 5374; x_wconf 72' lang='grc' dir='ltr'>ι</span> <span class='ocrx_word' id='word_1_197' title='bbox 2200 5335 2245 5386; x_wconf 76' lang='lat' dir='ltr'>m</span> 
     </span>
    </p>
   </div>
   <div class='ocr_carea' id='block_1_7' title="bbox 1400 5471 1435 5584">
    <p class='ocr_par' dir='ltr' id='par_1_8' title="bbox 1400 5471 1435 5584">
     <span class='ocr_line' id='line_1_30' title="bbox 1400 5471 1435 5584; baseline 0 0"><span class='ocrx_word' id='word_1_198' title='bbox 1400 5471 1435 5584; x_wconf 69' lang='lat' dir='ltr'>1l</span> 
     </span>
    </p>
   </div>
   <div class='ocr_carea' id='block_1_8' title="bbox 0 0 2508 6720">
    <p class='ocr_par' dir='ltr' id='par_1_9' title="bbox 0 0 2508 6720">
     <span class='ocr_line' id='line_1_31' title="bbox 0 0 2508 6720; baseline 0 0"><span class='ocrx_word' id='word_1_199' title='bbox 0 0 2508 6720; x_wconf 95' lang='lat' dir='ltr'> </span> 
     </span>
    </p>
   </div>
  </div>
 </body>
</html>
