5212 6732
853 649 1495 828 rapulam
1795 658 2000 844 ”25

419 941 539 1110 Ast
553 992 670 1114 ego
663 951 870 1070 nutrici
895 994 999 1070 non
1023 956 1218 1078 mando
1243 983 1409 1072 vota:
1454 983 1641 1120 negato

422 1123 680 1288 Jupiter
687 1117 781 1238 Ιιοι
808 1119 909 1275 illi,
952 1125 1197 1288 quamvis
1219 1151 1271 1240 te
1296 1123 1489 1242 albata
1520 1125 1850 1288 rogarit.-

419 1379 619 1537 Atque
635 1374 744 1494 hoc
762 1374 905 1494 adeo
923 1373 1335 1566 fimulachrum,
1382 1373 1682 1496 mulierum
1698 1379 1769 1498 ad
1789 1378 1944 1498 Deo-

418 1588 546 1664 rum
584 1540 780 1662 altaria
817 1541 1250 1662 accedentium
1238 1541 1537 1730 rmaginem
1565 1543 1728 1667 istam
1754 1555 1941 1670 revera
2054 1641 2082 1698 z

414 1709 665 1909 exhibet,
710 1753 881 1876 quam
909 1710 1089 1830 verbis
1118 1707 1370 1832 describit
1399 1714 1646 1832 Plautus,
1944 1709 1949 1716 ’

927 1968 1303 2126 -AEquius
1328 2009 1415 2082 vos
1442 1997 1565 2082 erat

270 2269 276 2274 ,
410 2137 752 2423 Ξαιιιίὶαἰιιιαι
778 2137 983 2285 venire,
1029 2129 1380 2306 hostiatasque
1399 2136 1485 2250 ad
1499 2131 1635 2252 hoc

461 2319 649 2423 anum²

495 2557 796 2678 Brachium
819 2571 1082 2724 praeterea
1104 2558 1387 2708 dextrum,
1432 2559 1704 2746 pedesque
1731 2561 1933 2684 mulie

409 2723 482 2844 ris
511 2727 671 2879 nudi,
716 2727 1054 2914 peculiarem
1080 2729 1378 2914 quendam
1391 2725 1803 2873 sacrificandi
1761 2763 1931 2850 rrtum

408 2891 694 3084 indicaqt3
742 2939 858 3058 quo
878 2893 1106 3057 quidem
1138 2893 1423 3015 habitum
1450 2864 1743 3060 sculpturis
1788 2873 1941 3060 saepe

406 3062 651 3226 antiquis
672 3061 1095 3196 sacrificantium
1111 3061 1305 3228 figurae
1322 3093 1642 3184 cernuntur
1731 3065 1928 3212 Nudis

405 3231 640 3396 pedibus
662 3230 1055 3381 sacrificare‚a
1021 3233 1191 3397 apud
1191 3263 1403 3350 veteres
1432 3231 1486 3350 le
1456 3275 1546 3350 ere
1562 3275 1755 3352 omnes
1771 3233 1928 3352 usur-

404 3431 621 3562 patum,
666 3432 837 3565 atque
866 3443 901 3518 a
938 3399 1153 3558 Judaeis
1182 3401 1310 3520 sane
1359 3431 1649 3564 acceptum
1687 3401 1792 3520 effe
1821 3447 1926 3567 pu·

402 3597 570 3689 tatur.
662 3569 892 3764 Quippe
932 3572 1299 3719 Damonem
1304 3600 1373 3688 ut
1414 3569 1669 3726 Justinus
1698 3572 1926 3729 Martyr
2049 3575 2069 3586 ’

354 3779 356 3782 ·
401 3735 498 3886 Βίτ,
531 3766 756 3904 propter
774 3740 1125 3858 imitationem
1155 3739 1267 3893 ¹ejus
1303 3739 1615 3902 quodor
1468 3743 1577 3856 M
1558 3735 1620 3899 s
1641 3735 1924 3902 accr’clffet,

319 3987 322 3995 ι
400 3906 625 4026 cultores
651 3909 795 4062 suos,
833 3903 949 4026 loca
980 3905 1154 4062 sacra
1178 3909 1569 4073 ingreal'entes,
1612 3902 1808 4056 calceos
1833 3909 1924 4026 de·
1966 4031 1975 4065 <

388 4103 587 4240 ponere
592 4077 943 4195 docueruut
1030 4073 1184 4194 Hinc
1205 4075 1357 4262 apud
1392 4065 1680 4193 Romanos
1711 4047 1919 4220 Vestae,
1986 4195 1991 4207 ,

399 4284 528 4405 quae
550 4244 743 4362 eadem
785 4289 853 4364 ac
880 4245 1063 4362 Terra
1101 4243 1296 4363 habita
1326 4243 1445 4393 ctu,
1491 4287 1604 4360 non
1634 4237 1729 4360 nisr
1762 4241 1932 4358 nudo¹

396 4413 537 4578 pede
565 4412 713 4530 sacra
754 4411 932 4532 facere
960 4411 1200 4531 licebat.

460 4615 474 4654 ¹
505 4588 579 4668 Sat.
606 4610 646 4666 2.
671 4585 742 4696 38.

456 4736 474 4771 ²
505 4706 609 4790 Rud.
637 4735 673 4788 t.
699 4735 739 4818 5.

457 4856 471 4905 Β
503 4827 616 4938 Apol.
645 4857 681 4912 r.
702 4856 739 4938 p.
764 4857 834 4940 9¹·
856 4827 958 4910 Edit.
981 4825 1133 4911 Thirlb.

454 4969 475 5020 4
503 4949 723 5032 Rotundam
744 4952 863 5032 aedem
886 4951 1008 5035 Velle¹
1036 4946 1449 5032 Numa-consecrate
1477 4946 1650 5042 videtur;
1682 4943 1784 5052 quod
1818 4971 1910 5027 ean·

392 5075 482 5154 dem
502 5072 572 5155 effe
594 5073 756 5154 Terram
771 5073 979 5170 crediderit,
1011 5097 1171 5178 eamque
1192 5072 1274 5180 pilae
1294 5071 1415 5154 forma
1435 5067 1526 5154 effe:
1559 5088 1603 5152 ut
1615 5068 1670 5150 sui
1683 5065 1792 5148 fimili
1808 5084 1907 5148 tem·

392 5195 456 5306 ple
478 5197 562 5280 Dm
581 5193 1021 5303 coleretur—Festus
1035 5193 1076 5274 in
1099 5191 1284 5433 liganda.
1769 5305 1856 5427 H

1837 5347 1909 5426 uc
