5212 6732
683 697 764 814 η
1170 642 1825 826 Taenari.

676 863 929 1016 messim,
951 893 1019 986 ut
1038 905 1266 985 omnem
1292 861 1422 982 artis
1441 860 1560 1014 ejus
1580 857 1812 1027 gloriam
1835 889 1973 982 tunc
1996 893 2213 1032 ternpo-

678 1037 749 1156 ris
777 1031 982 1202 periisse
1014 1035 1327 1154 ostendant.

765 1211 853 1324 At
875 1246 1010 1322 vero
1030 1204 1197 1370 longe
1216 1203 1386 1349 secun,
1412 1239 1479 1321 ac
1508 1195 1720 1360 antiqui
1746 1195 1830 1318 isti
1849 1195 2097 1324 Pistores
2114 1247 2210 1326 co-

680 1372 999 1540 gitaverint,
1054 1415 1171 1490 rem
1213 1370 1443 1490 tandem
1484 1361 1719 1486 evenisse
1749 1365 2018 1490 videmus.
2105 1375 2207 1492 Et·

680 1540 832 1660 enim
856 1583 1036 1705 quum
1054 1528 1490 1704 praestantissima
1515 1575 1758 1699 quaeque
1799 1577 1998 1658 eorum
2017 1581 2207 1704 opera,

682 1708 738 1828 in
770 1709 970 1828 tabulis
990 1706 1216 1874 singulis
1251 1701 1496 1870 crepida,
1540 1703 1816 1824 vetustate
1854 1706 2073 1859 jamdiu
2110 1710 2211 1827 ab·

680 1877 922 2040 sumpta,
967 1919 1033 1996 ac
1082 1875 1301 2040 penitus
1349 1874 1534 1993 deleta
1571 1871 1694 2021 sint,
1739 1873 1830 1992 hae
1875 1905 2066 1996 tamen
2110 1876 2207 1994 de·

684 2045 901 2164 biliores
921 2044 1198 2212 parietum
1227 2039 1485 2207 pistum,
1525 2042 1617 2162 vel
1643 2035 1768 2205 ipsis
1803 2042 2013 2163 aedium
2037 2044 2209 2166 ruinis

684 2213 951 2365 munitae‚-
981 2243 1152 2378 atque
1180 2215 1253 2331 ab
1280 2209 1434 2330 omni
1478 2209 1684 2329 damno
1722 2207 2077 2362 conservatae,
2118 2213 2209 2332 us·
2278 2349 2284 2358 ,

684 2425 796 2546 que
823 2382 894 2501 ad
921 2382 1107 2502 nostra
1135 2413 1386 2545 tempora
1413 2375 1846 2544 permanserunt.

772 2555 865 2670 Ex
880 2549 964 2670 his
987 2581 1179 2670 autem
1200 2545 1438 2713 pidiurae
1454 2545 1652 2666 veteris
1668 2542 1928 2711 reliquiiS,
1962 2551 2208 2669 nonnul-

685 2721 726 2840 li
755 2723 825 2840 de
853 2719 984 2838 artis
1006 2717 1167 2881 ipsius
1193 2715 1458 2883 dignitate
1479 2717 1685 2836 temere
1706 2712 1867 2834 nimis
1879 2713 2207 2868 judicantes,

686 2933 812 3008 eam
837 2887 913 3004 ad
948 2886 1244 3049 sculpturae
1270 2881 1517 3048 antiquae
1550 2879 1954 3047 persedionem
1994 2927 2208 3050 nequa·

686 3101 859 3221 quam
875 3053 1171 3220 pervenisse
1186 3053 1551 3174 contendunt.
1585 3053 1695 3170 Sed
1711 3093 1786 3171 ex
1802 3047 2098 3174 aretiffima
2117 3095 2206 3172 ar·

686 3227 830 3345 tium
859 3225 1059 3344 harum
1085 3219 1497 3375 conjundiione,
1535 3223 1726 3342 ambas
1741 3217 1979 3386 passibus
1993 3220 2207 3388 semper

688 3391 861 3557 aequis
888 3391 962 3510 ad
987 3387 1387 3556 persediionem
1411 3388 1564 3510 suam
1594 3386 1900 3557 progressas
1942 3385 2048 3508 esse
2068 3434 2206 3510 con·

690 3561 838 3710 stat3
893 3563 1001 3680 hoc
1044 3590 1266 3680 tantum
1310 3557 1628 3696 discrimine,
1679 3560 1832 3724 quod
1876 3599 1951 3678 ex
1995 3557 2205 3680 diversa

690 3730 971 3892 utriusque
1000 3759 1290 3849 naturane
1320 3727 1548 3848 materia
1570 3727 1815 3848 accidere
1834 3725 2043 3848 necesse
2064 3759 2203 3877 erat,

691 3929 758 4017 ut
778 3895 1013 4062 pidurae
1040 3897 1300 4021 nimirum
1322 3900 1413 4016 vel
1434 3895 1641 4062 optima
1657 3937 1897 4063 quaeque
1923 3899 2207 4062 exempla·

522 4061 524 4068 ’
693 4065 791 4216 ria,
837 4096 1060 4231 propter
1096 4067 1175 4186 rei
1218 4065 1378 4230 ipsius
1421 4066 1772 4232 fragilitatem
1806 4066 1918 4185 cito
1941 4066 2204 4232 peritura,

693 4238 1008 4399 Sculpturae
1035 4278 1169 4353 vero
1217 4268 1428 4387 contra,
1456 4266 1682 4402 propter
1724 4232 1966 4354 materiae
2006 4232 2206 4389 duriti-

693 4445 800 4552 em,
841 4403 896 4524 in
925 4447 1091 4528 omne
1118 4402 1232 4526 sere
1260 4445 1446 4528 aevum
1473 4407 1739 4525 duratura
1760 4401 1950 4525 essent.
