5042 6724
654 743 733 858 μ
1055 689 1770 810 rnuunnrn

651 907 911 1072 cymbala
941 901 1201 1064 quaedam
1226 899 1482 1022 manibus
1504 898 1730 1022 sublatis
1745 931 2015 1062 quatere;
2062 951 2184 1030 om.

651 1123 754 1198 nes
781 1119 934 1222 vem,
983 1071 1389 1191 Bacchantium
1437 1068 1563 1196 ritu,
1630 1069 1927 1233 trepidare,
1971 1079 2185 1198 oculos·

650 1290 764 1410 que
794 1276 850 1362 et
879 1283 1079 1362 manus
1107 1243 1178 1359 ad
1209 1240 1319 1359 Dei
1348 1237 1739 1359 simulachrum
1766 1243 2019 1364 certatim
2057 1277 2180 1368 ten-

584 1507 590 1516 -
654 1420 787 1534 dere
815 1413 1119 1530 videntur¹.

661 1671 668 1682 .
740 1582 852 1699 Sed
874 1613 938 1698 ut
951 1609 1346 1744 argumentum
1362 1579 1588 1697 tandem
1611 1579 1719 1696 boc
1736 1580 2083 1746 turpiculum
2102 1583 2184 1703 di·

654 1751 976 1872 mittamus:
1022 1793 1096 1867 ex
1119 1745 1365 1866 nefando
1392 1747 1496 1868 isto
1543 1745 1763 1868 Mutini
1789 1751 1965 1878 cultu,
2016 1795 2185 1916 quem

656 1920 830 2084 usque
853 1921 924 2036 ab
952 1921 1092 2036 urbe
1137 1915 1361 2037 condita
1389 1918 1596 2037 Romae
1611 1915 1903 2041 obtinuisse
1931 1921 2184 2086 legimuS,

655 2088 943 2206 verisimile
965 2086 1207 2235 videtur,
1231 2089 1547 2206 Romulum
1568 2083 1763 2248 ipsum,
1786 2087 1882 2252 qui
1903 2091 2054 2211 urbis
2074 2089 2188 2212 suae

656 2303 792 2420 opes
814 2287 982 2422 atque
999 2255 1356 2403 incrementa,
1383 2257 1454 2374 ab
1482 2253 1776 2376 hominum
1804 2258 2184 2410 multitudine,

655 2427 980 2590 civiumque
1017 2468 1251 2544 numero
1285 2424 1521 2590 pendere
1550 2423 1726 2576 sciret,
1770 2471 1887 2546 non
1909 2425 2018 2546 srne
2044 2471 2181 2547 con·

661 2595 776 2716 silio
798 2595 1042 2759 quodam
1081 2591 1227 2715 civili
1248 2637 1315 2712 ac
1341 2591 1569 2758 politico
1590 2591 1802 2715 sacrum
1828 2625 1946 2718 tarn
1971 2595 2183 2720 obscoe·

653 2807 799 2884 num
829 2766 918 2882 vel
947 2759 1249 2913 instituisse,
1293 2765 1383 2882 vcl
1421 2761 1649 2884 aliunde
1684 2797 1989 2930 exceptum
2009 2769 2183 2932 adop-

657 2933 828 3080 tasse3
873 2962 942 3050 ut
965 2931 1112 3050 cives
1133 2931 1332 3052 scilicet
1356 2931 1459 3084 sui,
1504 2976 1578 3052 ex
1591 2933 1761 3102 orgiis
1783 2935 1892 3056 istis
1919 2936 2181 3102 Priapeia,

654 3107 848 3222 surore
878 3101 1029 3262 quasi
1059 3098 1301 3219 fanatico
1317 3102 1575 3268 correpti,
1598 3134 1655 3222 et
1675 3099 1954 3270 religionis
1983 3104 2183 3271 pariter

655 3315 725 3402 ac
756 3267 992 3389 libidinis
1017 3268 1245 3406 stimulis
1266 3271 1495 3421 acccnfi,
1517 3275 1591 3393 ad
1619 3271 1862 3394 sobolem
1891 3283 2182 3440 procrean-

596 3557 601 3576 ,
652 3441 792 3558 dam
839 3435 1039 3558 fortius
1078 3435 1418 3606 validiusque
1454 3441 1829 3566 incitarentur.
2029 3497 2034 3518 ·

1298 3797 1446 3924 Sed.
1479 3807 1587 3925 IV.

842 4108 1063 4230 D'duas
1091 4108 1218 4230 istas
1256 4109 1468 4234 Fascini
1483 4111 1708 4281 figuras,
1752 4121 1988 4238 anulum
2008 4161 2182 4283 quen·

832 4321 839 4340 ·
860 4277 1348 4444 damsmgularem,
1358 4285 1606 4447 quemad
1616 4286 1993 4410 amuletorum
2002 4289 2181 4410 omni·

657 4498 735 4570 no
756 4446 973 4572 classem
995 4449 1344 4570 referendum
1358 4453 1572 4604 cense0,
1594 4455 1891 4622 adjungere
1907 4457 2102 4608 libuit3
2121 4458 2180 4578 in

553 4697 556 4704 ·
659 4651 814 4788 parte
840 4619 997 4770 cujus
1020 4617 1266 4782 superna,
1288 4663 1416 4784 quae
1444 4623 1682 4742 emedio
1702 4627 1995 4791 prominet,
2024 4627 2182 4748 itern-

657 4787 846 4948 quein
883 4819 1122 4950 utroque
1159 4787 1396 4909 orbiculi
1429 4789 1618 4942 latere,
1659 4794 1750 4914 hae
1770 4839 1934 4918 voces
1990 4797 2182 4919 litteris

660 4951 881 5078 Graecis
910 4953 1179 5122 inscriptae
1216 4958 1360 5080 sunt.

973 5211 1148 5300 Boiffard.
1169 5217 1258 5304 Vol.
1282 5243 1322 5304 r.
1340 5245 1422 5328 par.
1454 5247 1494 5306 2.
1515 5221 1558 5310 it.
1578 5219 1797 5312 Montfauc.
1817 5222 1908 5315 ibid.
1998 5347 2051 5466 C
2093 5349 2154 5470 A

1342 5379 1380 5460 2
1988 5385 1995 5398 '
2154 5416 2181 5442 ιι
