5212 6732
844 667 1574 802 tRAEF'AtF'to,
1893 665 1979 788 in

433 887 712 1014 Horatius
762 883 1010 1053 Walpolt
1056 887 1119 1004 ιί
1142 885 1148 900 ’
1169 883 1421 1050 Anglram
1464 913 1633 1050 nuper
1692 883 1914 1004 annexit
1930 933 1961 1033 3,

364 1217 374 1224 .
432 1059 694 1224 Juvenis‚
718 1098 841 1174 ιιι
867 1086 983 1173 tam
1029 1057 1242 1218 generis
1289 1053 1580 1201 nobilitate,
1636 1097 1704 1172 ac
1727 1057 1965 1221 paterni.

434 1227 660 1346 nominis
679 1221 879 1388 gloria,
926 1265 1091 1386 quom
1117 1222 1348 1386 ingemo,
1389 1224 1655 1367 dollrina,
1699 1252 1754 1342 et
1781 1225 1967 1372 virtu-2

434 1425 492 1514 te
504 1396 733 1560 propria
758 1389 994 1552 illuslris.
1079 1389 1181 1508 Ille
1205 1431 1328 1508 aero
1363 1385 1523 1506 haud
1549 1391 1706 1512 eitius
1733 1391 1871 1549 fere
1897 1393 1965 1508 in,

427 1592 673 1727 patrnam
698 1559 941 1712 reversus
967 1557 1052 1716 ιβ,
1095 1599 1259 1719 qnam
1281 1556 1555 1715 desinatis
1581 1561 1729 1706 meis,
1757 1587 1821 1675 ut
1841 1601 1966 1676 cou-

417 1730 639 1886 suerat,
652 1725 1025 1886 familiariter
1045 1755 1149 1891 per
1168 1723 1381 1842 litteras
1410 1766 1672 1885 quarens,
1715 1721 1853 1844 mihi
1874 1722 1967 1844 ul·-

310 1978 316 1984 -
437 1927 525 2015 tro
558 1898 628 2013 de
664 1897 813 2060 topia
841 1894 975 2047 sua,
1019 1891 1284 2054 quicquid
1302 1891 1387 2007 ad
1403 1895 1711 2055 argumenti
1731 1897 1840 2012 mei
1863 1938 1960 2014 ro·
2021 2037 2028 2046 ⁸

438 2066 650 2210 tionem,
707 2089 808 2178 nat
855 2056 1021 2178 libelli
1061 2087 1434 2180 ornamentum
1481 2063 1798 2224 pertineret,
1852 2093 1962 2229 pru

438 2231 667 2350 arbitrio
701 2271 813 2348 meo
840 2229 1101 2346 utendum
1115 2225 1318 2345 obtulit.
1405 2231 1596 2392 Quam
1617 2229 1830 2392 quidem
1848 2233 1961 2388 ejus

438 2396 821 2520 liberalitatem
871 2396 1099 2516 libenter
1148 2397 1434 2514 admonium
1477 2397 1754 2564 amplexus
1794 2397 1961 2562 msam,

439 2571 505 2702 ni
524 2568 691 2733 aperis
713 2563 891 2720 hujus,
904 2564 1034 2719 jam
1043 2593 1211 2731 prope
1229 2562 1473 2720 absoluti,
1479 2561 1712 2728 fastidio
1730 2571 1963 2732 quodam

440 2763 730 2900 correptus,
772 2764 936 2898 atque
961 2737 1047 2852 ad
1062 2733 1179 2853 alia
1188 2732 1485 2890 fislinans,
1525 2738 1682 2854 intra
1708 2740 1963 2856 terminos

440 2907 495 3021 ei
518 2905 591 3020 ab
628 2905 781 3022 initio
823 2902 1119 3066 destinatos,
1160 2898 1309 3018 illud
1343 2901 1607 3017 continere
1634 2901 1961 3062 slatniffemt

441 3097 684 3192 attamen
699 3066 1031 3235 preclaram
1071 3067 1228 3226 islam
1261 3065 1456 3221 Musei
1496 3072 1581 3184 W
1574 3065 1836 3235 alpolimi
1859 3073 1972 3222 sie·-

431 3233 773 3404 pellellilan,
809 3237 882 3356 ab
908 3237 1202 3398 interprete
1235 3232 1416 3397 aliquo
1430 3237 1691 3401 peritiore
1716 3242 1965 3403 propat,

443 3447 526 3528 cm
551 3402 944 3569 explicandam,
984 3399 1342 3568 edendamque
1369 3402 1464 3564 effe
1498 3403 1714 3557 confido,

525 3565 649 3694 Sed
671 3601 737 3692 ut
760 3573 846 3690 ad
844 3569 1166 3738 propostam
1186 3601 1449 3690 reuertar.
1492 3575 1646 3690 Men
1666 3571 1772 3736 isli,
1800 3617 1965 3738 quam

444 3741 596 3861 enada
627 3741 763 3887 alind,
806 3741 1015 3858 emendi
1031 3739 1324 3906 cupiditati,
1351 3737 1700 3894 facultatum
1722 3775 1991 3864 meorum

444 3909 682 4029 tenuitas
718 3908 930 4028 modum
953 3909 1212 4072 imposuit,
1254 3949 1350 4026 nec
1394 3906 1558 4026 ultra·
1574 3961 1576 3966 ·
1594 3903 1737 4026 hanc
1781 3945 1991 4032 rernm·

446 4078 754 4242 congeriem,
798 4117 962 4238 qaam
990 4069 1052 4193 in
1092 4069 1177 4193 lois
1224 4070 1462 4194 Talellis
1505 4076 1784 4240 expostam
1823 4083 1978 4200 aide·-

446 4261 584 4393 mus‘,
624 4245 749 4364 eam
759 4240 1158 4410 provehipoffit
1178 4243 1278 4403 tsi:
1318 4288 1465 4410 qua,
1501 4273 1631 4363 cum·
1646 4245 1966 4400 multos‘jam

445 4453 613 4532 annos
639 4415 699 4530 in
726 4412 988 4531 armariis
1012 4415 1143 4531 meis
1164 4411 1443 4574 custodita,¹
1481 4414 1645 4530 otium
1667 4415 1817 4580 supe
1857 4455 1975 4532 me·

446 4620 539 4698 um
581 4574 890 4738 otnanffit,
915 4579 1279 4741 sermonisque
1305 4622 1433 4696 cum·
1443 4577 1830 4736 familiaribus
1857 4623 1966 4700 me·

424 4749 499 4866 ¹is
521 4741 680 4866 haud
694 4746 983 4906 injucundi
1010 4775 1385 4908 argumentum
1417 4741 1734 4912 prebuisti,
1783 4752 1846 4867 in
1880 4749 1966 4868 lu-

289 5063 291 5070 ,
447 4957 557 5038 tem
575 4917 787 5038 ιίιιιιιι
817 4915 1014 5035 idcirco
1034 4909 1216 5077 emessa
1231 4913 1325 5076 est,
1348 4941 1412 5032 ut
1430 4956 1556 5079 quos
1575 4910 1714 5034 mihi
1729 4959 1977 5081 unquam·

781 5123 809 5204 1
991 5173 994 5182 -
1883 5083 1997 5202 oel-
