5212 6732
588 699 713 842 d
1107 681 1646 814 TABULA·
1702 685 1749 806 1.

660 925 802 1038 carre
826 919 1135 1066 apparent:
1181 899 1271 1018 Eo
1311 890 1577 1018 nimirum
1620 889 1842 1045 habitu,
1886 937 2006 1062 quo
2031 915 2194 1024 extra

560 1103 564 1116 ’
660 1076 861 1194 urbem
903 1069 961 1192 in
977 1064 1124 1188 villis
1146 1063 1255 1190 suis
1272 1063 1435 1190 otiari
1451 1063 1876 1188 consueverunt.
1963 1075 2194 1196 Horum

661 1237 828 1370 alteri
850 1239 1024 1405 Toga
1063 1233 1172 1358 five
1200 1239 1457 1360 Lacerna
1489 1238 1751 1388 caerulea,
1804 1235 1965 1360 alteri
2002 1244 2192 1392 rubra,

508 1527 514 1538 .
664 1410 875 1543 tunicae
902 1453 1036 1530 vero
1052 1404 1298 1572 utrisque
1315 1451 1526 1528 croceae
1541 1405 1766 1530 dantur.
1851 1407 2079 1532 Etenim
2097 1455 2193 1534 ru·

665 1580 730 1709 ri,
755 1581 964 1744 semper
992 1577 1123 1699 -iere
1147 1579 1426 1700 lacernam
1445 1577 1791 1727 induebant3
1837 1579 2047 1702 vestem
2095 1579 2194 1702 sci·

666 1751 795 1872 licet
844 1777 1105 1913 apertam,
1149 1779 1320 1911 atque
1348 1751 1585 1870 humero
1605 1775 1830 1868 tantum
1845 1779 1949 1870 aut
1965 1747 2194 1940 pediore

664 1921 843 2048 fibula
873 1959 1104 2041 nexam:
1165 1961 1296 2080 quae
1328 1959 1459 2036 cum
1488 1917 1663 2082 Toga
1709 1915 2071 2072 contraditos,
2116 1921 2195 2042 le-

666 2089 923 2252 viorque,
966 2116 1025 2206 et
1073 2086 1302 2208 cucullo
1338 2086 1671 2252 plerumque
1705 2115 1901 2208 contra
1938 2087 2194 2252 pluviam

668 2256 887 2386 munita
917 2251 1090 2407 ess'et‚¹
1116 2253 1175 2378 in
1202 2253 1392 2419 Togae
1419 2253 1643 2422 ponitus
1663 2251 1864 2405 vicem,
1886 2285 2005 2378 tam
2041 2255 2190 2378 intra

668 2473 844 2594 quam
859 2455 1019 2550 extra
1045 2427 1260 2573 urbem,
1289 2427 1573 2548 Caesarum
1589 2425 1817 2546 demum
1833 2424 2192 2616 temporibus,

668 2593 867 2732 ceffiffe
894 2593 1149 2714 traditur.
1237 2593 1551 2716 Coloresei
1594 2591 1824 2758 quidem
1854 2635 2058 2746 vanos,
2102 2595 2196 2717 sed

666 2763 924 2890 omnium
954 2760 1200 2884 maxime
1226 2763 1481 2917 rubrum,
1525 2803 1559 2884 a
1603 2761 1977 2930 scriptoribus
2019 2761 2196 2888 tribu·

624 2939 874 3056 ·butum
914 2929 1252 3091 invenimus,
1816 2941 1824 2958 ’
2123 2961 2128 2972 ’

839 3183 1034 3352 Phafis
1050 3189 1343 3356 purpureis
1369 3187 1536 3312 ruber
1565 3135 1836 3323 lacernis.2

670 3357 948 3528 Crispinus
974 3351 1171 3522 Urias
1197 3353 1416 3480 humero
1432 3387 1711 3480 revocante
1735 3360 2027 3482 lacernam

757 3613 871 3768 Sed
895 3613 992 3732 de·
1014 3565 1349 3780 Figuratum
1386 3611 1745 3780 descriptione
1766 3611 2078 3766 hadienu83
2123 3615 2198 3736 ad

669 3825 866 3906 earum
899 3783 1019 3937 jam
1061 3781 1571 3950 interpretationem
1615 3783 2071 3966 progrediamur:
2137 3783 2195 3904 in

733 4067 751 4162 ‚⁸
785 4063 1002 4174 -Turpin
1021 4064 1223 4148 odoratum
1237 4081 1350 4176 eaput
1370 4065 1590 4148 obscurante
1602 4065 1762 4185 laoerna.
1824 4069 1922 4150 Hor.
1939 4069 1985 4172 S..
1998 4091 2038 4149 2.
2058 4095 2098 4180 7.
2125 4092 2150 4178 5
2156 4093 2196 4178 5.

790 4187 830 4272 Si
849 4183 991 4299 podem
1025 4207 1121 4270 totas
1138 4213 1319 4300 cuperem
1333 4187 1466 4270 mifid'o
1480 4189 1658 4289 lacernas,
1800 4206 1803 4216 ⁴
1973 4289 1977 4298 Ι

854 4310 975 4392 Nunc
1001 4329 1151 4393 tantum
1168 4312 1283 4422 capiti
1302 4337 1460 4392 munera
1475 4311 1590 4391 mitto
1605 4327 1685 4394 tuo.
1749 4311 1876 4396 Mart.
1898 4312 1972 4420 Rp.
2000 4339 2067 4418 r4.
2098 4337 2198 4422 ¹32·

672 4435 736 4516 Ex
750 4461 829 4543 quo
848 4431 1036 4516 Martialis
1057 4433 1141 4516 loco
1153 4421 1390 4516 lacemarum'
1406 4431 1610 4516 cucullosa
1631 4433 1787 4515 lacernis
1803 4433 1886 4544 ipris
1906 4433 2062 4548 [eputari
2081 4431 2197 4514 inter-

671 4557 769 4640 dum
781 4553 908 4659 solere,
921 4557 1100 4638 octavius
1116 4543 1303 4640 Ferrarius
1318 4555 1489 4642 ostendit.
1502 4555 1564 4639 De
1579 4583 1619 4638 re
1635 4556 1792 4643 vestiar.
1808 4557 1891 4641 Par.
1912 4583 1951 4642 a.
1971 4558 1997 4639 1.
2022 4587 2057 4641 1.
2071 4583 2106 4639 c.
2126 4583 2197 4640 20.

736 4679 1037 4788 aMartAEptg.
1058 4709 1098 4790 5.
1129 4679 1169 4762 8.
1242 4735 1247 4744 -
1569 4711 1572 4718 ¹

655 4791 659 4797 ’
736 4823 751 4877 3
785 4801 877 4906 Juv.
911 4801 986 4886 Sat.
1024 4833 1059 4885 t.
1081 4829 1150 4915 27·
1212 4803 1318 4886 Hinc
1351 4799 1612 4912 posteriorious
1652 4801 1782 4884 seculis
1802 4801 1980 4904 lacerna,
2021 4829 2044 4882 a
2085 4795 2198 4880 rubro

671 4921 812 5020 colore,
852 4920 1017 5030 Byrrhus
1043 4924 1219 5033 appellari
1248 4927 1372 5036 ooepit.
1437 4922 1618 5030 Byrrius,
1657 4925 1781 5034 inquit
1809 4921 1974 5030 Isidorus,
2012 4950 2038 5002 a
2064 4921 2199 5001 Graeco

672 5040 885 5126 vocabulum
925 5043 1061 5127 trahit.
1124 5044 1191 5126 Illi
1225 5046 1318 5128 enim
1358 5074 1435 5127 eum
1475 5049 1657 5146 Burrum,
1706 5045 1752 5128 id
1785 5045 1844 5153 est,
1888 5033 2021 5159 cuppis
2048 5057 2198 5145 vocant,

672 5167 698 5254 l.
731 5197 797 5282 19.
828 5193 864 5250 c.
884 5195 953 5274 24.
1018 5166 1409 5286 Vid.0dav.,Ferr.
1442 5169 1495 5254 ib.
1525 5195 1560 5252 c.
1588 5175 1664 5258 ro.
1986 5191 1990 5204 ·

2089 5325 2201 5448 qua
