5212 6732
819 715 1536 844 Tasunn1m
1834 751 1925 870 ῃ,

392 947 426 1010 “
471 927 715 1120 Gracchi
742 929 927 1081 credo,
971 958 1073 1050 aut
1093 924 1399 1077 Satumini‚
1440 957 1543 1048 aut
1562 925 1792 1083 alicujus
1810 929 1922 1050 ho-

391 1113 432 1178 “
474 1097 637 1220 minis
663 1024 927 1256 ejusmodi
913 1095 1330 1288 produxeram
1358 1094 1578 1246 filium,
1593 1128 1661 1218 ut
1688 1096 1922 1224 nomine

391 1279 432 1370 “.
475 1265 592 1434 ipso
619 1298 676 1388 et
696 1265 962 1404 memoria
990 1262 1160 1430 patris
1188 1309 1407 1386 ammos
1425 1263 1701 1432 imperitae
1725 1267 1926 1388 multi

391 1435 683 1556 ‘·tudinis
703 1429 1054 1588 concitarem.
1143 1433 1380 1592 P.Junii
1403 1466 1539 1582 erat,
1583 1433 1823 1555 hominis
1844 1436 1925 1554 de.

392 1617 433 1678 “
476 1605 639 1769 plebe
668 1579 946 1754 Romana,
991 1601 1137 1724 filius
1155 1673 1255 1698 --
1277 1603 1389 1722 Hic
1418 1527 1582 1722 istius
1595 1600 1806 1724 nefario
1833 1606 1923 1724 la·-

393 1786 438 1852 “
480 1772 717 1892 trocinio
733 1770 896 1892 bonis
921 1769 1107 1936 patriis
1135 1769 1478 1932 fortunisque
1506 1769 1766 1892 omnibus
1791 1773 1915 1936 spo-

391 1953 435 2020 “
479 1941 648 2061 liatus
678 1941 829 2060 venit
866 1941 921 2058 in
941 1938 1218 2094 judicium
1241 2009 1342 2038 ·--
1344 1945 1570 2104 ltaque
1597 1939 1718 2090 tibi,
1762 1945 1924 2060 Hor·-¹

394 2123 435 2185 “
478 2109 635 2260 tens,
681 2151 797 2228 non
818 2109 963 2228 illius
991 2139 1128 2226 aetas
1155 2107 1246 2225 sed
1275 2107 1476 2264 causa3
1540 2151 1657 2228 non
1684 2107 1925 2232 vestitus

395 2292 436 2356 “
480 2278 569 2397 sed
590 2278 821 2398 fortuna
841 2275 1121 2441 popularis
1141 2275 1475 2396 videbatur:
1519 2320 1700 2444 neque
1722 2312 1778 2398 te
1800 2312 1924 2402 tam

394 2449 884 2573 “commovebat
938 2447 1092 2610 quod
1136 2444 1234 2567 ille
1270 2489 1403 2566 cum
1447 2476 1582 2612 toga
1621 2481 1924 2638 praetexta„

392 2631 644 2806 “quam
672 2615 831 2779 quod
855 2613 968 2734 fine
991 2615 1157 2734 Bulla
1179 2644 1420 2735 venerat
1494 2615 1745 2740 Vestitus
1767 2661 1923 2740 enim

358 2875 361 2880 -
395 2800 436 2860 “
479 2783 759 2904 neminem
785 2781 1212 2902 commovebat
1197 2825 1255 2907 is,
1241 2823 1468 2946 ‚quem
1490 2781 1569 2904 illi
1596 2827 1729 2906 mos
1747 2821 1805 2909 et
1820 2788 1925 2959 jus

394 2967 437 3026 “
479 2950 839 3118 ingenuitatis
864 2951 1052 3072 dabat
1136 2947 1318 3114 Quod
1334 2984 1725 3074 ornamentum
1759 2989 1928 3122 pater

394 3136 435 3197 “
477 3123 722 3272 dederat
760 3118 1026 3240 indicium
1044 3148 1214 3284 atque
1241 3117 1448 3286 insigne
1475 3118 1759 3309 fqrtunae3
1805 3129 1925 3248 hoc.

395 3308 436 3376 ‘
417 3329 506 3412 a
537 3217 799 3456 praeddne
818 3286 922 3408 isto
944 3319 1197 3508 ereptum
1222 3285 1349 3416 else
1388 3289 1633 3456 graviter
1646 3323 1706 3414 et
1719 3299 1925 3418 acerbe:

393 3475 434 3538 “
477 3459 727 3580 homines
754 3455 1089 3578 ferebantff'
1158 3461 1249 3577 Ex
1276 3501 1391 3648 quq
1417 3458 1560 3578 loco
1558 3492 1734 3625 patet,
1779 3467 1926 3589 Bul..

128 3634 135 3648 ”
334 3741 338 3746 ,
393 3637 507 3754 lam
534 3673 651 3750 non
678 3625 994 3754 nobilitatis,
1036 3622 1171 3746 sed
1156 3626 1516 3792 ingenuitatis
1543 3659 1788 3782 tantum,
1832 3639 1927 3760 di«-

391 3800 726 3922 vitiarumve
761 3793 952 3960 potius
985 3795 1191 3962 insigne
1227 3794 1424 3916 soille.
1483 3841 1658 3960 quani
1687 3728 1948 3966 quidem-.-

394 3970 616 4116 Cicero,
649 4007 684 4084 a
712 3963 834 4085 lilio
853 3964 1091 4092 hominis
1112 3966 1182 4083 de
1206 3967 1367 4130 plebe
1391 3965 1685 4130 gestatam,
1701 4005 1778 4092 et
1799 3974 1926 4096 sor·

392 4134 545 4258 tunis
563 4133 796 4254 deinde
781 4132 1103 4285 imminutis,
1148 4134 1439 4274 abeodem
1462 4135 1767 4300 depositam
1788 4145 1926 4297 effer

393 4307 652 4426 declarat.
740 4309 937 4466 Atque
976 4305 1084 4420 hoc
1122 4303 1270 4422 idem
1307 4347 1382 4422 ex
1419 4304 1778 4470 Inscriptione
1813 4312 1923 4436 ista

391 4469 719 4639 sepulchrali
761 4470 923 4634 supra
954 4473 1161 4620 allata,
1208 4472 1290 4590 de
1341 4474 1579 4635 puerulo
1623 4479 1927 4646 quadrimo

394 4645 560 4765 Bulla
578 4669 797 4788 ornate,
834 4563 1153 4759 confirmari
1168 4637 1410 4757 videtur.
1455 4683 1694 4803 puerum
1716 4689 1927 4816 nempe:

393 4855 526 4932 eum
541 4853 657 4930 non
673 4805 769 4928 nisi
780 4733 1045 4932 libertino
1058 4849 1266 4976 genere
1293 4837 1494 4964 natum
1510 4810 1776 4964 εΙῘε,εΧ
1752 4817 1926 4942 Grae-

454 5192 470 5206 „
457 5107 562 5190 ¹.In
582 5105 690 5189 Verr.
711 5103 738 5188 l.
769 5133 811 5192 t
824 5104 899 5217 58

1846 5303 1929 5382 ω
