5008 6706
503 627 505 634 Α
662 595 1592 818 Mirum-'xxix'
1737 739 1858 858 243

336 905 515 1059 nullis
541 904 827 1075 ingenium
848 897 1280 1073 industriamque
1308 895 1626 1028 hominibus
1658 909 1862 1034 'addere

149 1225 153 1234 ¹
336 1077 735 1200 crediderunt¹.
831 1081 1026 1242 Atque
1053 1079 1130 1196 ob
1158 1118 1281 1196 eam
1314 1065 1535 1198 fortasse
1563 1067 1783 1198 causam
1825 1123 1860 1198 a

335 1247 635 1414 priscorum
692 1247 924 1366 istorum
967 1245 1361 1412 ,superstitione
1388 1245 1544 1366 haud
1602 1241 1861 1398 alienam,

337 1414 689 1538 Mercurium
719 1415 970 1546 nostrum
1011 1413 1069 1534 in
1118 1415 1223 1534 hac
1258 1414 1596 1580 potillrmum
1640 1459 1863 1584 gemma
2044 1419 2046 1430 ’

335 1585 670 1752 insculptum
693 1569 804 1707 elle
825 1581 1093 1741 conjicere
1121 1583 1265 1706 licet.

848 1941 983 2064 aa
1029 1942 1167 2065 CT
1255 1949 1337 2066 X.

515 2253 713 2376 Emma
740 2252 971 2416 decima,
1016 2254 1208 2372 miram
1251 2255 1536 2419 quandam
1557 2252 1863 2416 figurarum

554 2409 701 2590 quali
728 2421 1110 2544 confusionem
1131 2423 1393 2575 exhiber3
1441 2423 1681 2543 hominis
1713 2423 1865 2542 vide·

339 2595 469 2716 licet
498 2590 717 2744 faciem,
760 2590 856 2710 seu
882 2591 1167 2757 personam
1205 2592 1512 2742 Scenicam,
1558 2595 1864 2745 Pavonem,

339 2769 654 2928 Sceptrum‚
722 2763 1119 2926 Elephantem:
1191 2761 1326 2927 quid
1381 2792 1573 2880 autem
1623 2751 1867 2926 Elephas

339 2931 661 3099 proboscide
679 2931 959 3051 sublatum
979 2957 1185 3082 toneat,
1196 2932 1351 3051 haud
1367 2929 1505 3050 mihi
1520 2929 1647 3050 sane
1666 2929 1868 3095 perspi·

340 3139 514 3222 cuum
535 3101 630 3222 est.
719 3099 876 3220 Huic
896 3093 1395 3251 autern'Ge'mmae,
1439 3096 1575 3220 alias
1602 3091 1866 3262 quasdam

340 3269 646 3390 confimiles
671 3268 906 3434 prorsras,
950 3269 1078 3389 etin
1096 3270 1443 3392 emditor'um
1471 3267 1685 3388 Museis
1705 3266 1866 3390 affer-

339 3473 519 3588 vatae‚
542 3439 671 3560 etin
694 3439 844 3558 libris
862 3438 1003 3602 saepe
1021 3439 1313 3604 descriptas
1332 3427 1716 3559 animadverti:
1735 3474 1866 3602 quae

340 3609 566 3775 quidem
591 3640 786 3728 omnes
812 3606 1201 3768 symbolicum,
1233 3641 1300 3729 ut
1332 3610 1511 3758 aiunt,
1554 3607 1648 3726 seu
1699 3606 1869 3774 aenig-²

342 3777 608 3898 malicum
636 3775 901 3940 quiddam
929 3777 1232 3926 continere,
1266 3777 1604 3931 judicantur.
1709 3772 1756 3892 F
1754 3775 1869 3911 aci:

340 3983 429 4066 ern
457 3974 604 4065 certe
653 3945 828 4091 illam,
872 3942 974 4062 viri
1004 3941 1157 4065 dolii
1200 3944 1438 4066 socratis·
1474 3933 1719 4107 effigiem
1758 3943 1866 4112 elle

342 4119 658 4258 declarant:
703 4139 937 4277 eamque
974 4153 1103 4234 cum
1152 4111 1343 4281 figuris
1393 4115 1689 4245 istiusmodi
1733 4147 1869 4232 con·
2008 4173 2012 4185 ·

331 4270 615 4440 jureum,
661 4281 919 4403 nonnulli
945 4283 1003 4401 in
1033 4289 1432 4403 Amuletorum
1457 4311 1650 4402 eorum
1668 4317 1866 4401 nume·
1963 4329 1964 4332 ‘
2128 4340 2133 4350 ·
2228 4259 2233 4272 ’

342 4498 408 4575 ro
436 4485 734 4620 reponunt,
778 4475 907 4617 quae
951 4453 1064 4571 vim
1091 4455 1371 4618 quandam
1392 4453 1664 4618 magicam
1686 4455 1865 4570 habu·

344 4622 437 4744 isse
475 4623 887 4744 credebantur&
995 4621 1115 4742 Alii
1149 4662 1301 4772 vero,
1373 4622 1526 4786 quod
1583 4613 1865 4784 probabile

192 4887 199 4900 .
344 4791 522 4960 magis
566 4793 816 4943 videtur,
884 4793 1153 4912 Gemmas
1201 4791 1367 4947 hujus
1411 4792 1626 4958 generis
1673 4823 1897 4910 omnes·

408 5069 421 5108 ¹
448 5061 537 5144 Vid.
559 5065 759 5146 Gemmar.
782 5051 885 5148 Ilist.
906 5061 994 5144 edit.
1012 5057 1061 5145 ab
1082 5061 1237 5146 Adrion.
1257 5059 1363 5142 Tull.
1384 5061 1411 5144 l.
1438 5087 1477 5144 2.›
1499 5071 1532 5146 ε’.
1562 5075 1632 5171 34.
1660 5082 1661 5090 ‘

407 5184 423 5278 ἶ
453 5184 542 5269 Vid.
564 5187 724 5270 Gemm.
745 5183 903 5270 Antich.
926 5189 990 5270 Da
1010 5183 1129 5267 Roffi.
1147 5185 1235 5266 Vol.
1255 5212 1293 5270 2.
1315 5185 1474 5270 Gemm.
1501 5209 1571 5286 ao,
1611 5209 1682 5267 ar.

1020 5305 1251 5424 Hh2
1793 5301 1867 5418 m
