5042 6724
712 608 797 796 96
1140 631 1794 767 Tnuunnvr.

710 847 1054 1020 plorantium
1076 845 1343 1015 imagines
1370 845 1674 1012 exsculptae
1693 845 1974 970 interdum
2001 891 2239 980 cernun-

711 1052 824 1174 tur,
867 1023 1051 1142 ullum
1073 1015 1373 1140 istiusmodi
1400 1016 1689 1140 vasculum
1715 1017 1773 1138 in
1801 1016 2103 1148 mulierum
2151 1025 2239 1148 us-

709 1235 880 1365 quam
901 1187 1154 1312 manibus
1183 1187 1362 1310 visum
1389 1183 1616 1308 memini
1627 1203 1662 1308 ¹.

797 1364 1088 1508 Praeterea,
1132 1357 1189 1476 in
1223 1355 1667 1478 Christianorum
1714 1355 2017 1523 priscorum
2052 1341 2236 1526 sepul.

706 1528 875 1678 chria,
920 1529 1042 1647 haec
1097 1527 1290 1660 eadem
1329 1524 1576 1675 vascula,
1620 1558 1678 1646 et
1712 1525 1888 1676 vitrea
1916 1559 1974 1648 et
2019 1525 2234 1684 ficlilia,

704 1721 923 1866 ‘reperta
950 1695 1055 1818 elie
1090 1695 1338 1840 constat:
1383 1716 1628 1860 quorum
1667 1695 1875 1862 figuras
1903 1697 2057 1816 haud
2094 1743 2234 1865 pau·

698 1913 800 1992 cas
830 1865 1122 2031 Aringhus
1152 1864 1208 1986 in
1239 1867 1423 2016 lucem
1463 1863 1671 2018 edidit3
1719 1908 1897 2033 eaque
1918 1909 2033 1986 non
2055 1871 2232 2032 lacry-

700 2039 809 2162 mis
830 2034 1149 2182 condendis,
1191 2033 1340 2198 apud
1371 2027 1666 2197 primaevos
1690 2026 1838 2184 istus,
1883 2035 2085 2199 quibus
2113 2081 2232 2160 mo·

703 2208 753 2328 ri
784 2210 1003 2327 lucrum
1023 2203 1363 2330 credebatur,
1407 2201 1499 2322 sed
1527 2245 1691 2368 aquae
1722 2203 2232 2370 lustralisasperfio·

701 2375 763 2498 ni
798 2407 995 2540 parata
1019 2372 1150 2521 elie,
1211 2373 1502 2494 declarat².
1593 2371 1824 2542 Qrippe
1851 2372 1909 2491 in
1930 2373 2230 2538 priscorum

699 2543 1150 2668 Christianorum
1171 2537 1479 2694 funeribus,
1524 2585 1708 2706 neque
1729 2539 2084 2666 Praeficarum
2105 2587 2229 2667 mu·

693 2759 832 2863 nus,
877 2754 1057 2877 neque
1083 2751 1288 2830 vanam
1315 2753 1440 2830 eam
1470 2707 1662 2832 lucius
1677 2709 2105 2835 ostentationem
2131 2714 2229 2834 ad·

701 2882 936 3006 hibitam
963 2880 1082 3010 elie,
1143 2876 1430 3000 verifimile
1457 2880 1556 3033 est,
1599 2879 1690 3000 sed
1725 2881 1976 3003 dolorem
2025 2878 2228 3004 solum-

701 3053 875 3176 modo
902 3054 1090 3199 talem,
1135 3051 1363 3211 qualem·
1387 3081 1590 3172 natura
1617 3047 1833 3218 exigit5
1876 3093 2045 3240 quem
2088 3053 2226 3174 ratio

697 3220 865 3344 fimul
906 3249 962 3341 et
990 3215 1184 3385 religio
1209 3252 1504 3374 coercent,·
1535 3259 1811 3388 quemque
1837 3251 1984 3390 'vrtae
2019 3219 2224 3394 futurae

621 3531 623 3536 ’
766 3555 781 3596 ¹
815 3532 1209 3646 vasculum-ejusdem
1230 3535 1308 3620 lere
1328 3537 1472 3648 generis
1492 3565 1537 3622 ac
1566 3535 1712 3638 forma,
1744 3557 1856 3648 atque
1875 3535 2035 3618 unicum
2053 3535 2224 3646 quidem,

602 3743 605 3750 .
700 3662 804 3774 quod
824 3661 863 3742 in
883 3661 1160 3772 Romaveteris
1168 3661 1681 3774 monumentisexsculptum
1694 3687 1865 3772 unquam
1880 3659 1970 3760 vidi,
1991 3661 2030 3740 in
2043 3659 2221 3740 sacrificio

701 3785 871 3898 quodam
894 3770 1015 3894 Priapi
1036 3783 1143 3892 supra
1169 3804 1399 3890 memorato,
1436 3785 1621 3868 cernitur:
1657 3813 1679 3870 e
1714 3811 1793 3894 quo
1834 3781 2000 3866 sacerdos
2039 3781 2224 3889 liquorem

700 3907 894 4017 quendam
911 3905 1110 3988 odoratum
1131 3905 1296 4007 forfitan,
1327 3907 1366 3990 in
1395 3909 1517 4020 Priapi
1536 3907 1721 3990 fascinum
1752 3903 1905 3989 floribus
1923 3923 2113 4008 ornatum,
2134 3903 2222 3986 fun·

698 4029 965 4115 derevidetur.
1033 4027 1209 4110 Boissard.
1236 4031 1288 4110 V.
1321 4058 1357 4114 1.
1379 4059 1459 4142 par,
1489 4059 1528 4116 2.
2124 4135 2131 4146 .

763 4164 781 4201 ²
811 4149 975 4258 Aringh.
997 4151 1114 4232 Rom.
1141 4153 1354 4234 Subterran.
1381 4152 1470 4236 Vol.
1498 4185 1533 4238 1.
1561 4181 1600 4264 p.
1632 4179 1732 4266 502.
1803 4149 2015 4236 Bonanniur
2032 4147 2181 4256 item]
2205 4187 2221 4207 ·

544 4301 546 4307 ’
699 4273 794 4356 suita
810 4272 1091 4372 eruditiffimus,
1127 4277 1154 4318 “
1177 4273 1405 4357 Notandum
1423 4277 1490 4374 est,
1512 4277 1658 4386 inquit,
1697 4274 1829 4356 similia
1852 4273 1936 4354 vasa
1953 4270 2081 4380 saepius
2108 4273 2223 4354 etiarn

699 4403 728 4442 “
757 4395 916 4480 inveniri
935 4397 974 4476 in
990 4393 1193 4505 sepulchris
1214 4393 1526 4500 Christianorum,
1544 4427 1628 4510 qua
1643 4417 1771 4479 tamen
1792 4397 1974 4506 lacrymas
1989 4391 2221 4492 continuiffe,

700 4525 731 4564 “
763 4546 841 4604 non
855 4517 912 4626 est
926 4518 1171 4600 credendum.
1242 4517 1347 4602 Mus.
1370 4517 1546 4604 Kircher.
1569 4547 1607 4634 p.
1636 4549 1734 4632 ¹15·

743 4659 749 4672 ’
883 4641 982 4751 Jam
996 4634 1114 4745 masta
1126 4637 1264 4750 quiesce
1275 4643 1433 4750 querela,

1003 4763 1207 4870 Lacrymas
1216 4763 1428 4874 strspendr'te
1447 4779 1596 4863 matres,

1011 4883 1146 4994 Nullus
1154 4887 1240 4992 sua,
1242 4885 1405 4994 pignora
1411 4885 1628 4996 plangat„
2036 4935 2041 4942 ·

1005 5007 1115 5090 Mors
1133 5004 1211 5090 hac
1230 5009 1421 5119 reparatio
1436 5009 1531 5090 vita
1545 5008 1605 5106 est.
1692 4993 1709 5093 ¹.
1748 4991 1795 5031 ”
1935 4995 1940 5006 ’

1305 5131 1487 5218 Prudent.
1507 5133 1658 5241 Hyan.
1674 5118 1715 5218 x}
1732 5115 1829 5218 circa
1849 5133 2037 5240 exequias.
2063 5159 2101 5215 u.
2126 5155 2173 5212 12
2181 5154 2220 5238 5.

1534 5295 1559 5370 1
2109 5247 2226 5413 spes
