5212 6732
382 4933 385 4946 '
491 4959 575 5028 ,κ

662 737 696 824 a
1123 684 1713 808 TABULAI.

658 927 789 1010 men
819 881 1059 1048 reperiri,
1103 923 1272 1046 quam
1310 886 1381 1001 ab
1409 878 1728 1015 hominibus
1749 874 1971 999 curiosis
1987 877 2183 1044 abripi,

658 1086 716 1177 et
742 1084 1015 1219 quantum
1044 1047 1263 1172 teolorii
1286 1081 1492 1172 natura·
1509 1049 1738 1217 patitur,
1782 1045 1854 1166 ad
1884 1049 2030 1168 aedes
2058 1093 2186 1216 pro·

659 1267 804 1390 prras
824 1223 1108 1346 ommnlas
1126 1220 1407 1384 deportari
1433 1217 1627 1340 solent.

582 1533 585 1542 A
743 1391 966 1512 Etenim
990 1385 1224 1509 teiloria
1255 1389 1354 1510 ista
1397 1387 1644 1552 antiqua,
1684 1381 1923 1552 pi6lurae
1966 1385 2188 1552 praeser-

660 1561 760 1682 tim
788 1557 1129 1723 excipiendae
1150 1558 1440 1709 destinata,
1483 1557 1697 1676 summa
1720 1554 1929 1721 semper
1953 1554 2187 1722 diligen·

583 1842 593 1884 ,
658 1730 756 1882 tia,
800 1759 967 1894 atque
993 1725 1223 1848 artificio
1244 1729 1528 1850 elaborata
1549 1721 1674 1874 effe,
1694 1723 1940 1872 constat3
1971 1754 2029 1873 et
2044 1754 2189 1878 tem-

659 1937 797 2066 pore
846 1897 961 2060 ipso
1004 1937 1069 2012 ae
1114 1891 1334 2014 seneila
1359 1892 1533 2060 usque
1561 1937 1638 2012 eo
1654 1889 1969 2046 induruisse,
2011 1923 2079 2014 ut
2096 1891 2190 2014 vel

660 2062 949 2188 marmoris
976 2061 1292 2185 firmitatem
1315 2062 1676 2227 acquirerent.
1725 2079 1737 2121 ¹
1765 2067 1994 2186 Horum
2020 2061 2189 2227 igitur

660 2234 980 2402 particulae,
1023 2231 1355 2399 imaginibus
1374 2227 1539 2398 pletis
1562 2261 1805 2380 ornatas,
1848 2228 2102 2350 homines
2129 2229 2189 2350 in

661 2404 749 2524 his
766 2405 929 2524 rebus
950 2401 1338 2568 intelligentes,
1356 2445 1387 2520 e
1408 2399 1705 2566 parietibus
1725 2397 1887 2519 facile
1907 2398 2189 2520 exscinde-

662 2617 743 2723 re,
798 2604 988 2738 atque,
1046 2570 1290 2737 ipsorum
1343 2570 1572 2735 quidem
1599 2600 1857 2689 veterum
1905 2569 2189 2732 exemplo,

663 2741 722 2862 in
764 2741 873 2862 alia
914 2745 1037 2862 loca
1063 2781 1323 2860 amovere
1351 2739 1678 2860 didicerunt.
1769 2737 1999 2908 Qippe
2021 2739 2187 2856 Grae-

663 2911 807 3032 ciam
834 2909 972 3030 olim
1017 2953 1053 3030 a
1096 2897 1391 3058 Romanis,
1431 2907 1657 3071 perinde
1684 2949 1750 3026 ac
1800 2909 2049 3028 Romam
2084 2907 2188 3025 ho·

665 3079 755 3200 die
798 3083 870 3196 ab
892 3077 1115 3229 exterio,
1142 3077 1362 3240 spoliari
1388 3077 1581 3225 solere,
1611 3079 1835 3244 opusque
1861 3071 1954 3194 hoc
1976 3075 2191 3195 teiiori·

664 3271 758 3369 um
794 3245 1050 3366 lateritiis
1083 3248 1389 3415 parietibus
1435 3245 1683 3402 excisum,
1731 3275 1785 3364 et
1832 3245 2017 3412 ligneis
2054 3239 2189 3404 for-

666 3421 771 3537 mis.
811 3410 1094 3574 imlusum,
1148 3441 1374 3582 propter
1421 3411 1786 3536 excellentiam
1826 3415 2089 3582 pistum,
2153 3459 2192 3532 a

668 3589 925 3708 Varrone
950 3614 1003 3705 ct
1038 3587 1324 3734 Mrraena,
1379 3587 1465 3704 ad
1490 3587 1774 3703 Comitium
1803 3587 1864 3701 in
1891 3582 2192 3705 AEdilitrite

650 3758 765 3914 sua
779 3756 1165 3900 exornandum,
1208 3757 1589 3876 Lacedaemone
1609 3757 1839 3872 Romam
1859 3756 2193 3919 deportatum

666 3921 785 4086 effe,
819 3923 1069 4090 legimus.
1130 3937 1152 3984 ²
1191 3926 1430 4042 atvero
1469 3917 1751 4087 pieluram
1790 3921 2061 4072 nostram,
2112 3961 2187 4038 ex

668 4137 739 4210 eo
755 4135 957 4258 genere
975 4092 1210 4258 primam
1231 4123 1397 4258 atque
1414 4091 1638 4210 unicam
1667 4091 1791 4210 sane
1811 4088 1914 4208 elle
1937 4089 2188 4238 arbitror,

669 4261 882 4426 quaein
912 4261 1183 4429 Angliam
1210 4305 1461 4424 unquam
1510 4256 1749 4379 adveeta
1805 4257 1969 4404 ellet3
2012 4257 2191 4377 donec

669 4433 981 4554 MEAmth
1011 4430 1212 4580 noster,
1258 4431 1417 4549 Artis
1446 4427 1691 4547 Medicae
1721 4430 1906 4576 decuS,
1938 4426 2032 4592 qui
2060 4427 2192 4547 vitae

669 4621 859 4718 revera
887 4597 1104 4750 nobilis,
1148 4603 1239 4719 vel
1260 4597 1592 4764 principibus
1615 4597 1672 4716 in
1702 4597 2015 4762 Republica
2042 4595 2190 4745 viria,

733 4953 746 4990 ¹
785 4933 914 5019 Totam
929 4938 969 5018 in
985 4967 1023 5018 er
1042 4937 1102 5045 est,
1140 4937 1234 5050 quod
1254 4939 1347 5022 mihi
1365 4939 1442 5020 erit
1462 4965 1574 5040 curae,
1598 4937 1787 5020 retiarium
1818 4953 1862 5018 ut
1891 4935 2102 5020 concinnum
2118 4934 2189 5045 fit.

671 5060 1111 5167 Cic.Epist.adFrat.l.
1137 5067 1330 5174 3.1.§1.
1361 5061 1439 5150 vid.
1461 5060 1557 5146 Plio.
1581 5060 1799 5149 Hill.N.l.
1826 5063 1898 5174 36.
1922 5089 1956 5144 e.
1983 5089 2053 5170 23·
2165 5117 2168 5126 -

728 5189 752 5281 ξ’
778 5185 875 5268 Plin.
898 5185 948 5271 ib.
973 5183 999 5268 l.
1024 5213 1096 5298 35.
1129 5213 1195 5293 14.
1731 5225 1736 5245 ·

795 5373 800 5386 ·
1012 5347 1040 5426 1
1912 5455 1914 5460 ,
1996 5339 2192 5418 exem-
