5008 6706
747 727 1218 862 TABUL'A
1285 736 1465 858 XXI.
1726 771 1867 888 249

346 979 608 1096 uonvM3
653 985 845 1110 quem,
886 939 1245 1064 Romaeolim
1271 927 1868 1106 repertum,'unecum

344 1113 555 1280 reliqua
602 1154 728 1236 mea
776 1149 963 1234 rerum
1016 1139 1272 1234 veterum
1309 1104 1669 1274 supellcslil'e,
1739 1103 1868 1230 inde
1883 1173 2065 1260 *W

338 1282 757 1449 deportandum
802 1281 1025 1402 curavi:
1096 1277 1153 1400 in
1203 1321 1533 1446 pomparum
1572 1277 1700 1398 sane
1735 1271 1868 1398 Tri·

343 1451 700 1618 umphalium'
711 1447 1181 1616 descriptionibus,
1225 1450 1575 1613 phalerarum
1590 1441 1868 1568 interdum
1915 1441 2036 1519 ’Ἀ

329 1622 725 1788 frenorumque
770 1623 1093 1785 equinorum,
1146 1621 1280 1744 nuri
1315 1615 1493 1765 bullii,
1544 1613 1868 1780 gemmisque

344 1792 650 1942 nitentium,
694 1787 951 1958 splendor
977 1785 1257 1954 luxusque
1283 1829 1318 1906 a
1353 1783 1702 1950 scriptoribus
1728 1779 1867 1902 cele·
2024 1797 2030 1804 ’

343 1959 581 2080 beantur
588 2001 610 2109 3

346 2216 613 2382 Dumque
621 2257 756 2334 nuro
752 2209 1018 2384 phalerae,
1028 2213 1389 2384 gemmisdum
1387 2208 1819 2376 frenareuident
1829 2225 1866 2326 ¹,

299 2483 301 2488 ’
432 2471 632 2634 Atque
648 2468 778 2589 hinc
800 2469 1040 2638 lapidem
1056 2469 1310 2591 nostrum
1331 2467 1404 2587 ad
1418 2464 1706 2590 frenorum
1733 2462 1870 2586 Tri·
1981 2522 1982 2530 Ν

346 2637 702 2801 umphalium
721 2670 983 2759 ornatum
998 2637 1314 2804 pertinuisse
1330 2636 1602 2792 conjicio:
1646 2679 1778 2757 nam
1797 2637 1870 2756 ad

346 2805 618 2974 triumphi
649 2806 814 2928 usum
868 2807 1112 2971 aliquem
1160 2805 1470 2928 adhibitum
1507 2849 1641 2926 eum
1690 2803 1870 2956 firilse,
1956 2855 1958 2860 ’
2015 2805 2021 2819 ’

346 2972 624 3143 inscriptio
644 2976 888 3133 declarat
904 3023 935 3126 3,
969 3005 1143 3144 atque
1162 2975 1236 3096 ad
1264 2973 1553 3138 frenatum
1595 2972 1872 3142 praecipue

334 3145 537 3295 decue,
579 3187 667 3267 res
715 3144 828 3310 ipsa
862 3143 1151 3265 ostendere
1192 3143 1425 3266 videtur.
1535 3143 1766 3309 Quippe
1810 3143 1872 3265 in

346 3309 620 3464 foramen,
662 3313 836 3480 quod,
880 3355 978 3477 per
1005 3343 1262 3433 centrum
1283 3310 1477 3480 lapidis
1493 3309 1750 3440 dudlum,
1771 3357 1872 3433 va·

346 3525 521 3602 cuum
547 3481 668 3636 jam
694 3510 1064 3650 apertumque
1104 3481 1307 3638 restat,
1348 3478 1690 3638 claviculum
1735 3481 1873 3603 olim

346 3650 647 3816 quendam,
690 3649 870 3817 capite
895 3635 1121 3774 forfitan
1150 3678 1368 3802 aurato,
1411 3647 1673 3810 insertum
1695 3645 1872 3800 suille,
1954 3707 1957 3716 ¹

345 3818 603 3974 arbitror,
646 3817 745 3988 qui
773 3817 1014 3990 lapidem
1040 3819 1217 3990 ipsum
1252 3812 1386 3954 eum
1428 3817 1601 3948 ,frenis
1637 3861 1875 3940 connec-

347 4001 533 4110 teret².
1727 4021 1730 4028 ·

432 4161 524 4278 Μ.
584 4155 903 4306 Aurelium,
975 4156 1046 4277 de
1085 4154 1529 4307 MarcomanniS,
1589 4156 1874 4308 Sarmatis,

349 4325 652 4492 VandaliS,
723 4323 1050 4498 Quadisque
1102 4325 1270 4450 etiam
1325 4323 1682 4492 triumphasse
1737 4323 1874 4494 legi·
1977 4343 1979 4346 ’

347 4597 354 4612 .
413 4639 428 4678 ¹
459 4621 656 4707 Claudian.
674 4620 785 4732 Epig.
806 4647 878 4706 20:
909 4620 957 4704 de
977 4649 1076 4704 zona
1093 4621 1320 4734 equiRegii.
1453 4667 1457 4683 ·

413 4755 436 4856 Ἰ
455 4745 529 4831 sed
547 4745 595 4826 ed
606 4745 726 4828 elium
743 4771 898 4855 quoque
916 4743 1031 4827 usum
1049 4742 1217 4855 hlclapis
1241 4741 1412 4828 adhiberi
1432 4741 1587 4854 potuisse
1607 4741 1754 4829 videtur
1769 4781 1782 4844 ς
1804 4743 1879 4830 sci-

350 4867 454 4972 licet,
484 4887 530 4950 ut
556 4869 684 4951 statuae
703 4867 850 4952 fortasse
867 4867 1020 4976 alicujus
1040 4868 1080 4950 in
1101 4865 1295 4978 triumpho
1313 4886 1467 4976 portata
1484 4865 1798 4974 paludamentum
1811 4887 1879 4950 aut

348 4989 539 5071 lacernam
559 4989 684 5073 fibulae
702 4990 783 5072 vice
798 4987 959 5072 humero
978 4995 1216 5074 annecteret:
1259 4989 1365 5100 quod
1399 4989 1556 5098 quidem
1584 5015 1738 5098 gemnm
1757 4991 1881 5097 aliqua
1972 5047 1980 5060 ι

350 5131 419 5194 aut
454 5109 575 5222 lapide
609 5111 770 5222 pretioso
789 5111 872 5196 fieri
904 5111 1059 5198 solitum
1085 5113 1174 5215 effe,
1206 5137 1256 5196 ex
1275 5111 1483 5196 statuarum
1504 5113 1732 5200 militarium.
1745 5131 1880 5195 ornatu

349 5232 556 5352 conjedtate
571 5234 672 5354 licet,
1094 5321 1097 5339 ,
1561 5323 1564 5330 ,

501 5353 508 5387 ”
1177 5351 1273 5482 Ii
1520 5505 1527 5515 ,
1652 5365 1865 5475 mus¹
1950 5396 1954 5416 ¹
