5042 6724
710 697 1231 826 TABULA
1316 701 1426 824 lll.
1775 751 1849 874 75

335 941 613 1045 Metan.
736 917 853 1039 Ubi
896 920 1161 1085 sculptor,
1212 963 1316 1090 pro
1350 918 1550 1042 ultima·
1590 921 1772 1044 littera
1792 945 1857 1073 Λ,

331 1093 661 1241 litteramP,
711 1090 804 1209 vel
850 1089 1157 1216 oscitanter,
1201 1094 1291 1210 vel
1335 1089 1590 1212 consulto
1632 1088 1856 1216 forfitan

331 1261 564 1429 posuille
585 1261 856 1380 videtur&

417 1429 618 1580 Haec,
604 1473 864 1593 mquam,
895 1430 1194 1577 vocabula,
1217 1431 1367 1593 apud
1399 1427 1690 1549 Hereticos
1728 1431 1857 1550 istos

328 1596 690 1748 ulrtatilirma,
735 1599 970 1717 anulum
993 1597 1243 1717 nostrum
1265 1639 1339 1716 ex
1356 1638 1553 1717 eorum
1574 1596 1857 1763 disciplina

330 1765 587 1932 prodiille
614 1765 949 1886 ostendunt:
995 1806 1178 1927 neque
1198 1766 1335 1885 illud
1365 1810 1468 1886 nos
1509 1810 1735 1886 movere
1761 1767 1879 1886 de·.

332 1939 446 2086 bet,
491 1933 655 2123 quod
673 1934 886 2099 reliqua
932 1933 1151 2123 prorsus
1202 1936 1435 2088 barbara
1479 1979 1582 2054 nec
1624 1937 1858 2084 omnino

332 2102 697 2270 intelligibilia
724 2102 864 2252 smt3
912 2103 1119 2268 quippe
1167 2105 1276 2222 hoc
1319 2147 1549 2295 quoque
1589 2145 1721 2223 cum
1762 2150 1857 2225 eo·

330 2277 567 2392 rundem
596 2269 996 2393 consuetudine
1039 2271 1262 2460 penitus
1301 2272 1596 2392 convenire
1646 2273 1858 2439 accepi·
1930 2295 1933 2302 ’

329 2475 475 2562 mue.
505 2438 732 2561 Etenim
753 2435 998 2560 Sanbius
1014 2439 1418 2603 Hieronymus
1441 2439 1666 2562 nomina
1683 2443 1829 2563 ab
1782 2487 1857 2564 ers
1910 2591 1915 2600 ι

330 2609 594 2804 usurpata
610 2650 964 2766 enumerans,
981 2639 1242 2776 portenta
1262 2656 1327 2728 ea
1354 2617 1545 2776 magis,
1588 2655 1753 2776 quam
1766 2658 1860 2734 no·

330 2783 483 2899 mina
535 2809 723 2929 vocat3
809 2823 927 2942 quae
970 2779 1109 2896 ad
1083 2781 1450 2944 imperitorum
1486 2809 1539 2926 et
1577 2779 1858 2901 muliercu-

330 2949 513 3072 larum
531 2951 737 3067 animos
764 2950 1111 3096 concitandos,
1156 2990 1252 3066 eos
1282 2945 1541 3065 invenille
1568 2946 1701 3066 dicit
1701 2949 1859 3113 ,fim-

319 3118 489 3288 plices
509 3115 746 3311 quosque·
756 3144 1017 3236 terrentes
1045 3115 1197 3271 fimo,
1241 3147 1304 3235 ut
1341 3119 1491 3280 quod
1513 3153 1613 3234 non
1661 3119 1858 3238 intelli·

319 3314 482 3454 gunt,
516 3284 646 3451 plus
666 3289 978 3405 mirentur&
1066 3288 1193 3402 Has
1246 3285 1461 3405 easdem
1506 3325 1673 3406 voces
1724 3291 1859 3407 Por·

205 3455 584 3696 phyriuS,
627 3455 946 3576 barbaricas
978 3480 1031 3572 et
1052 3449 1199 3571 nihil
1219 3452 1642 3621 stgnficant8533
1689 3458 1858 3622 Apu·

394 3795 498 3878 'Hi
517 3795 622 3878 enim
642 3793 856 3892 Heretici,
845 3821 939 3903 quo
954 3792 1150 3905 prestigias
1170 3793 1250 3876 suas
1266 3791 1427 3878 tenebris
1442 3794 1576 3878 melius
1603 3794 1859 3903 involverent,¹

331 3944 439 4000 voces
455 3943 530 4023 non
550 3915 668 3998 modo
683 3917 868 4014 barbaras,
901 3935 1014 4026 atque
1043 3918 1263 4026 incognitas,
1313 3916 1354 3998 in
1385 3915 1557 3999 amuletis
1592 3919 1665 4000 suis
1685 3922 1854 4022 misoere,

303 4045 306 4055 '
331 4041 393 4122 sed
414 4039 580 4148 cognitas
601 4037 717 4118 etiam
744 4065 788 4119 ac
803 4037 954 4120 utitatas
971 4065 1211 4148 corrumpere
1244 4036 1420 4122 solebant.
1486 4042 1604 4148 Quod
1633 4042 1672 4122 in
1687 4041 1762 4126 bac
1781 4037 1856 4152 iplr

331 4189 424 4245 voce
444 4161 754 4264 MEICHAEL,
791 4161 885 4242 item
906 4187 950 4242 ac
969 4161 1008 4241 in
1022 4161 1100 4242 aliis
1115 4159 1304 4242 nonnullis
1315 4187 1378 4242 eos
1392 4189 1519 4244 revera
1534 4161 1671 4262 fecitte,
1693 4165 1750 4246 vir
1767 4191 1855 4246 eru·

331 4283 531 4366 ditiffimur
550 4285 588 4392 J.
605 4280 816 4364 Chiffletius
830 4282 1001 4369 ostendit.
1067 4285 1228 4394 [Abrax.
1252 4286 1353 4365 Prot.
1370 4309 1408 4392 p.
1443 4281 1535 4394 43.]
1569 4284 1855 4394 Atqueeodem

330 4407 447 4488 modo
464 4433 553 4504 vox,
582 4405 766 4503 ΡΕΙΕΤΕ,
799 4407 944 4486 nonnifi
962 4406 1008 4487 ad
1033 4406 1256 4488 CHRISTI
1276 4432 1415 4486 nomen
1431 4405 1669 4488 referendum
1689 4407 1851 4508 videtur,

329 4527 460 4609 omiffa
475 4547 602 4610 tamen
624 4528 746 4636 prima
773 4527 893 4609 littera
908 4529 962 4628 X,
985 4555 1077 4609 nam
1089 4525 1373 4637 diphthongum
1389 4528 1456 4608 EI
1490 4552 1559 4636 pro
1578 4527 1711 4631 vocali,
1744 4530 1778 4628 I,
1812 4530 1852 4610 in
2018 4541 2021 4549 ’

331 4650 494 4759 antiquis
527 4651 792 4750 marmoribus,
823 4650 1124 4750 numismatibus,
1155 4677 1201 4732 ac
1224 4649 1417 4732 codicibus
1455 4649 1563 4734 MSS.
1593 4648 1783 4758 saepiffime
1803 4681 1851 4732 o·

330 4776 523 4884 surpatum
540 4772 594 4852 est
603 4812 616 4871 ;
647 4774 705 4853 uti
724 4770 787 4852 hic
800 4772 837 4850 in
853 4797 944 4853 voce
958 4773 1241 4868 MEIXAHL,
1257 4770 1445 4869 etalibiin
1461 4769 1540 4880 ipso
1554 4772 1648 4854 item
1668 4775 1852 4860 CHRIS-

329 4899 389 4976 Tl
412 4895 566 4978 nomine
586 4894 843 4976 animadverti.
1574 4887 1576 4894 '

391 5029 406 5063 ¹
440 5018 555 5125 Oper.
576 5015 665 5097 Vol.
689 5046 731 5122 4.
753 5043 832 5124 par.
857 5042 895 5102 2.
913 5043 950 5125 p.
972 5017 1073 5125 581.
1136 5015 1239 5100 Edit.
1261 5014 1450 5098 Beneditt.

392 5159 405 5212 ³
437 5139 552 5249 Apud
570 5139 707 5222 Euseb.
730 5138 847 5248 Praep.
863 5139 984 5223 Evan.
1006 5141 1033 5221 l.
1056 5167 1098 5244 4.

993 5261 1049 5376 K
1090 5301 1126 5376 2
1631 5313 1632 5318 ¹
1693 5255 1845 5384 leius
