5212 6732
678 749 785 904 ae
1103 729 1819 858 rnnnnnin

697 945 831 1072 dem
851 941 1067 1100 formae,
1111 945 1201 1068 sed
1223 985 1299 1068 ex
1322 945 1474 1070 corio
1501 941 1738 1118 neum,
1767 943 1981 1116 gestare
2003 947 2232 1074 consue·

705 1118 835 1242 visse
857 1120 1126 1286 legimus3
1173 1119 1243 1236 de
1272 1161 1388 1284 quo
1410 1115 1718 1278 JuvenaliS,

791 1447 891 1476 --·-
975 1445 1074 1470 -··-
1115 1373 1414 1530 Etruscum
1435 1401 1666 1542 puerot
1610 1365 1673 1534 st
1704 1365 1922 1542 contigit
1939 1412 2159 1526 aurum,

709 1549 780 1666 V
767 1543 826 1666 el
836 1545 1000 1662 nodas
1027 1571 1264 1690 tantum,
1306 1571 1431 1660 etr
1376 1539 1597 1706 fignum
1619 1541 1685 1658 de
1701 1571 1946 1710 paupere
1974 1543 2204 1666 lorn'.⁸

704 1797 816 1918 Sed
845 1795 1195 1962 pauperiores
1236 1795 1402 1914 etiam
1430 1789 1534 1944 isti,
1580 1823 1647 1914 ut
1675 1795 1848 1957 modo
1874 1793 2094 1919 diuum
2129 1799 2228 1948 est,

703 2007 934 2132 quum
905 2009 979 2084 ex
1007 2007 1194 2084 rerum
1221 1965 1443 2084 suarum
1486 1881 1754 2130 aitgustiis
1785 1998 2070 2154 emergere
2112 2009 2230 2088 coe·

559 2277 564 2292 .
684 2133 924 2302 ΙρὶΙΙῘιτιιι,
981 2119 1193 2254 bullam
1217 2133 1311 2252 srbi
1360 2171 1591 2251 auream
1635 2176 1738 2296 pro
1762 2133 1920 2256 libitu
1959 2133 2230 2302 sumpsisse

706 2305 980 2422 videntur
1070 2303 1248 2456 Cujus
1274 2301 1497 2466 quidem
1528 2299 1709 2466 figura
1742 2303 1947 2470 semper
1989 2305 2230 2424 rotunda

706 2471 915 2621 fuit3
902 2501 978 2590 ita
1005 2499 1072 2592 ut
1113 2513 1179 2590 ea
1219 2470 1427 2622 omnia,
1465 2509 1596 2636 quae
1638 2469 1748 2592 alia
1792 2471 1989 2662 quavis
2030 2469 2228 2622 forma,

706 2639 989 2762 bullarum
1025 2679 1171 2758 vero
1188 2637 1433 2788 nomine,
1500 2633 1971 2760 Montsauconius
2020 2637 2229 2760 caeteri-

702 2845 814 2998 que
843 2799 1231 2933 exhibuerunt,
1275 2805 1346 2924 ad
1368 2809 1740 2928 amuletorum
1762 2807 1977 2930 elaffern
2007 2811 2229 2928 Bonan·

704 2977 832 3098 nius
853 2975 1084 3096 omnino
1113 2973 1398 3098 referenda
1444 2989 1657 3142 putat²:
1696 3020 1849 3170 'quae
1898 3019 2002 3144 pro
2033 3017 2227 3166 paren·

703 3175 831 3266 tum
858 3143 1104 3292 arbitrio,
1147 3174 1204 3263 et
1233 3143 1413 3263 forma
1433 3173 1491 3264 et
1514 3145 1743 3267 materia
1786 3145 1927 3265 inter
1955 3145 2008 3264 se
2034 3143 2224 3265 disere

701 3311 917 3480 pontia,
962 3353 1263 3503 puerorum
1288 3311 1446 3432 collis
1473 3311 1724 3480 suspendi
1753 3315 2015 3434 solebant

791 3483 893 3602 Ab
935 3478 1020 3600 his
1067 3499 1256 3602 autern
1307 3480 1487 3620 bullis,
1552 3511 1879 3608 ornamenta
1920 3486 2231 3604 balteorum

704 3648 1174 3816 cingulorumque
1237 3649 1558 3774 militarium
1601 3651 1878 3778 deaurata,
1954 3653 2050 3772 seu
2096 3695 2230 3772 acu-

708 3815 875 3984 pisia
945 3861 1074 3986 quae
1123 3816 1466 3939 rotunditate
1499 3851 1558 3941 et
1599 3825 1785 3942 colore
1824 3819 2231 3942 similitudinem

710 3989 990 4153 quandam
1021 4031 1135 4153 prae
1170 3987 1223 4106 se
1251 3985 1522 4142 ferebant,
1565 3989 1974 4160 ascriptoribus
1990 3989 2230 4158 antiquis
2383 4145 2386 4150 Ι

710 4159 880 4276 bullae
909 4189 1201 4278 vocantur.

771 4501 955 4608 'Juven
976 4501 1051 4582 Sat.
1079 4527 1117 4608 5.
1142 4501 1192 4580 16
1201 4525 1238 4607 5.
1301 4497 1342 4579 it.
1364 4498 1540 4582 Macrnb.
1561 4502 1708 4582 Samen.
1739 4527 1775 4582 ι.
1799 4503 1840 4583 6.

770 4639 788 4676 ²
821 4627 849 4664 “
881 4621 927 4702 ln
947 4621 988 4703 iis
1007 4621 1116 4702 enim
1137 4617 1291 4703 Etbniei
1305 4617 1533 4704 ciuraeteret
1548 4621 1714 4734 magiona
1742 4621 1807 4704 sen
1834 4620 1921 4704 alins
1938 4647 1996 4704 ret
2012 4619 2238 4720 metebant·

710 4753 738 4790 ‘⁸
770 4769 862 4852 ques
880 4745 1064 4853 putabant
1081 4739 1275 4824 validiore·
1308 4743 1356 4824 ad
1376 4743 1590 4826 avertendas
1622 4743 1881 4826 fascinationes
1899 4763 1939 4826 et
1958 4745 2131 4826 morbos:
2170 4769 2232 4826 eas

710 4871 739 4910 ‘⁸
770 4863 866 4944 inter
879 4865 1045 4944 amuleta
1064 4891 1215 4974 repono,
1247 4865 1379 4972 nequis
1398 4885 1506 4974 putet
1519 4865 1601 4950 illas
1623 4893 1673 4952 ex
1702 4893 1750 4948 en
1770 4893 1904 4978 genere
1924 4867 2121 4950 Bulluum
2142 4863 2227 4964 effe,

709 4991 738 5030 “
768 5011 853 5094 qnae
867 5011 889 5062 e
905 4983 1004 5070 collo
1023 5011 1228 5096 puerorum
1240 4985 1427 5072 nobilium
1447 4987 1542 5073 olim
1556 4987 1853 5114 dependebant?
1916 4987 2021 5102 Mus
2055 4983 2232 5074 Kirbert'·

706 5133 770 5192 σι·
790 5133 830 5218 ι·
858 5133 930 5220 37·

2077 5313 2234 5442 Pha·
