5212 6732
1051 682 1687 806 INDEX.

628 885 830 988 nostram
853 885 991 990 Ibidis
1023 883 1241 1022 effigiem,
1295 884 1387 992 bafi
1413 885 1537 1028 olim·
1556 885 1777 988 deauratae
1799 881 2070 1022 impolitam,
2105 923 2162 988 ac

627 1030 826 1128 numinis
846 1026 948 1128 loco
963 1025 1284 1150 consecratam,
1303 1026 1564 1161 cultamque
1589 1022 1733 1147 fuisse,
1761 1023 2023 1125 ostenditur.

1255 1288 1400 1386 ‘Tab
1436 1291 1515 1386 xt.

697 1443 939 1580 AEsculapii
954 1453 1125 1580 Imago,
1161 1481 1381 1546 unacum
1396 1441 1674 1580 Telesphoro
1691 1443 1921 1581 ‚adjundo
1991 1445 2083 1544 Ubi
2101 1445 2160 1546 de

485 1683 487 1688 .
630 1586 719 1682 Dei
754 1583 886 1716 hujus
925 1583 1161 1716 religione,
1211 1610 1259 1683 et
1292 1581 1682 1719 quemadmodum
1720 1589 1924 1681 Romam
1957 1584 2160 1716 primum

629 1721 811 1818 adveda
839 1717 956 1841 fuit3
993 1725 1105 1819 item
1146 1721 1203 1822 de
1227 1725 1373 1856 AEgris
1414 1723 1463 1818 in
1500 1717 1675 1855 templo
1694 1717 1786 1854 ejus
1802 1718 2078 1838 cubantibus,
2114 1747 2162 1820 ct

629 1859 895 1956 morborum
917 1856 1098 1956 suorum
1115 1861 1327 1972 remedia,
1364 1857 1644 1956 somniorum
1661 1859 1841 1954 monitu
1853 1853 2159 1981 ediscentibus,

629 1992 865 2094 differitur.
933 1997 1064 2090 Tum
1087 1994 1351 2132 Telesphori
1365 1997 1506 2094 ctiam
1521 2027 1707 2115 nomen,
1742 2019 1790 2092 et
1809 1991 1952 2127 qualis
1968 1993 2043 2094 ille
2064 2001 2168 2096 Dc-
2200 2035 2214 2062 ‘

631 2129 855 2263 uoluerit,
890 2131 1152 2270 explicatur.

1254 2391 1393 2492 'Tab
1428 2395 1536 2492 xn.

626 2579 632 2590 ·
700 2545 898 2644 Antinoi
921 2552 1081 2678 Imago
1098 2521 1233 2668 anm,
1269 2543 1364 2648 bafi
1394 2535 1674 2682 perpulchrae
1713 2539 1924 2646 tnfistene
1979 2544 2071 2643 Ubi
2102 2541 2162 2646 dc

632 2686 840 2784 Antinoo
884 2687 933 2782 in
979 2689 1185 2784 Deorum
1229 2717 1474 2784 numerum
1506 2679 1667 2803 relato,
1695 2679 2083 2816 honoribusqueei
2103 2683 2163 2782 ab

630 2822 870 2922 Hadriano
891 2829 1164 2954 Imperatore
1199 2818 1478 2939 oonffitutir3
1515 2820 1627 2916 item
1642 2818 1701 2918 de
1725 2815 1817 2916 bafi
1832 2824 2046 2954 Imaginir
2072 2819 2163 2918 hu·

624 2957 724 3196 ἓν
736 2953 965 3090 singulari,
1014 2954 1258 3094 figurisque
1306 2959 1371 3060 ibi
1405 2953 1629 3091 exprcssir,
1664 2991 1810 3092 pauca
1833 2959 2041 3092 quaedam

724 3117 870 3194 antur.
1967 3166 1971 3177 ·

1233 3353 1377 3454 ‘Tau
1400 3357 1528 3454 Xlll.

698 3513 736 3608 1.
772 3503 938 3608 Bacchi
961 3501 1256 3642 imaguncula
1278 3537 1413 3602 aenea.
1482 3508 1541 3602 ΙΙ.
1576 3501 1806 3637 Serapidis,
1831 3501 1918 3598 Dei
1937 3505 2159 3638 AEgyptii.

634 3650 726 3748 Ubi
749 3647 807 3745 de
830 3646 958 3744 cultu
987 3645 1094 3780 ejus,
1132 3639 1310 3744 nonnisr
1334 3640 1428 3741 sero
1450 3647 1651 3739 Romam
1670 3641 1891 3760 traducto,
1927 3637 2163 3752 differitur.
2267 3677 2273 3686 ·

634 3785 829 3905 Deinde,
867 3783 926 3882 de
956 3786 1141 3887 minutis
1164 3780 1283 3880 hisce
1302 3785 1507 3878 Deorum
1535 3803 1735 3876 veterum
1758 3775 1991 3898 leunculis,
2028 3785 2163 3914 atque

626 3918 820 4022 ‘infinito
840 3918 933 4020 fere
954 3955 1109 4018 carum
1140 3955 1334 4017 numero
1368 3915 1505 4016 hodie
1530 3939 1725 4037 extante,
1761 3914 1947 4048 quaestio
1970 3915 2163 4016 institui-

593 4071 599 4080 '
634 4086 711 4158 tur
735 4085 780 4158 et
800 4057 1062 4190 explicatur.
1133 4063 1215 4156 111.
1245 4055 1393 4173 ,Arula
1424 4061 1593 4153 Larum
1633 4061 1708 4150 seu
1726 4059 1932 4152 Deorum
1960 4055 2163 4153 Cubicu-

634 4193 797 4296 larium
816 4194 1083 4330 perpulchra
1106 4231 1161 4292 ex
1184 4231 1281 4292 aere.
1348 4193 1440 4293 Ubi
1473 4191 1691 4327 ejusmodi
1717 4189 1895 4310 Arulas,
1930 4191 1980 4284 in
2013 4195 2163 4324 priva·

635 4363 787 4432 tarum
808 4335 974 4430 aedium
998 4331 1172 4431 Sacellis
1194 4333 1268 4432 seu
1294 4334 1499 4451 Larariis,
1535 4327 1595 4428 ad
1635 4327 1775 4425 thuris
1808 4349 1888 4424 aut
1908 4327 2002 4424 vini
2030 4329 2163 4464 paul·

634 4471 782 4570 lulum
804 4470 1122 4604 excipiendum
1143 4498 1331 4605 paratas,
1390 4493 1525 4604 atque
1564 4491 1671 4566 ante
1707 4473 1913 4566 Deorum
1943 4465 2163 4602 imagines

636 4611 747 4742 poni
770 4607 928 4729 solitas,
965 4609 1226 4709 declaramr.
1426 4665 1432 4672 ·

1217 4869 1364 4964 '‘Ta.
1448 4875 1467 4965 1
1516 4942 1526 4965 .

705 5029 739 5122 1.
779 5029 937 5162 imago
959 5027 1156 5152 Bnecbae,
1203 5031 1278 5131 seu
1307 4865 1515 5130 fleminby
1541 5028 1591 5128 in
1616 5023 1779 5128 Bacchi
1813 5025 1940 5127 sacris
1961 5029 2160 5128 initiate.

469 5173 472 5180 '
630 5163 727 5264 Ubi
749 5163 873 5266 sacra
896 5163 977 5268 ista
1001 5175 1237 5294 nocturna,
1274 5205 1303 5272 a
1344 5165 1604 5271 mulieribus
1639 5165 1872 5291 celebrata,
1905 5165 2162 5268 describun-

802 5347 807 5354 ·
2015 5389 2021 5398 .
2054 5327 2159 5405 tur:
