5212 6732
928 609 1407 808 gw‘

468 1167 575 1442 P
642 1164 779 1438 R
837 1157 999 1438 AE
1072 1159 1183 1434 F
1252 1161 1392 1433 A
1464 1155 1619 1434 Τ
1689 1157 1752 1432 Ι
1820 1157 1994 1434 Ο.

646 1840 714 1956 U
717 1838 814 1955 M
843 1832 1169 1952 valetudinis
1214 1831 1339 1952 olim
1394 1831 1768 1988 confirmando
1811 1835 1988 1990 cansa,

664 2003 845 2122 colam
892 2002 1125 2152 matare,
1196 2031 1249 2119 et
1302 2000 1616 2120 litterarum
1648 1999 1848 2162 sinclis
1865 2027 1868 2038 '
1888 2002 1994 2121 ali·

467 2175 709 2340 quandiu
755 2171 1009 2340 depastas,
1064 2201 1293 2338 peregre
1330 2171 1596 2338 proficisci
1638 2167 1992 2330 decrevifflm,

467 2374 585 2462 tnm
605 2346 691 2459 ad
710 2339 935 2460 Italiam
959 2341 1099 2461 illico
1130 2346 1237 2459 iter
1262 2342 1494 2488 tendere,
1534 2382 1601 2458 ac
1634 2343 1818 2460 Rome
1843 2343 1994 2460 urbi·

468 2555 562 2630 nm
586 2509 924 2668 amanifflmae
965 2512 1148 2661 otiari,
1197 2507 1336 2629 mihi
1375 2539 1506 2630 ante
1547 2511 1727 2628 omnia
1766 2509 1992 2676 placuit.

470 2684 554 2801 Ut
595 2684 685 2796 od
698 2677 853 2802 illam
900 2711 1083 2802 antem
1108 2679 1300 2835 acceffr,
1343 2678 1446 2798 loci
1482 2679 1761 2798 admonitu
1802 2681 1995 2799 incita·

467 2877 577 2996 tos,
602 2847 1006 3018 splendorisque
1054 2846 1166 3002 ejns
1192 2831 1365 3011 prisci
1408 2850 1719 2968 memoriam
1744 2845 1996 2994 recolens,

470 3044 719 3134 nontam
744 3017 831 3132 od
850 3057 994 3134 nova
1031 3017 1181 3132 orbis
1205 3043 1543 3162 ornamenta,
1602 3014 1887 3178 magnifico
1920 3059 1995 3132 ¹eo
2031 3137 2034 3144 ,

470 3184 684 3348 quidem
709 3211 763 3300 et
772 3183 1034 3348 superba,
1076 3175 1239 3346 qnam
1264 3183 1351 3300 ad
1393 3185 1633 3347 antiqno
1668 3181 1886 3348 vesligia
1941 3213 1995 3302 et

470 3379 808 3470 monumento
818 3355 1209 3518 perquirendo,
1238 3381 1428 3471 memet
1455 3349 1688 3470 contuli:
1732 3394 1850 3515 qnae
1874 3355 1996 3519 qni·

470 3522 818 3667 domomum,
883 3521 1090 3683 etiamst
1124 3523 1198 3638 ab
1245 3521 1370 3644 aliis
1424 3522 1687 3687 descripta
1741 3561 1996 3685 magnam

452 3689 602 3860 sepe
627 3689 950 3854 volcptatem
998 3688 1197 3856 legenti
1219 3720 1386 3808 anteo
1435 3686 1705 3850 dcdrffltnt‚
1748 3717 1811 3806 at
1834 3687 1995 3806 ocnlis

468 3857 923 4014 tomensnbjello‚
967 3860 1219 4012 majorem
1245 3855 1383 3977 mihi
1404 3857 1573 4024 longe,
1611 3901 1703 3976 res
1722 3857 2019 4023 tpstrsjam‘
2081 3869 2084 3879 ’

470 4027 863 4192 contemplanti,
895 4028 1139 4194 prebere
1164 4026 1323 4190 senfi.

555 4197 627 4314 In
654 4197 758 4314 hac
782 4198 952 4361 igitur
991 4199 1335 4361 antiquitatis
1377 4195 1806 4362 contemplatione
1837 4223 1993 4359 panc

474 4364 694 4516 doinus,
772 4363 971 4483 aucnlo
982 4365 1176 4524 statim
1218 4367 1483 4531 quedam,
1544 4408 1608 4480 ex
1654 4366 1805 4481 orbis
1831 4364 1994 4478 rode-

474 4532 677 4648 ribnse
724 4529 852 4691 offo,
872 4536 1080 4650 artium
1094 4565 1335 4651 veterum
1344 4533 1659 4696 specimina,
1688 4532 1994 4695 rituumque
2076 4649 2079 4658 ,

290 4704 297 4717 ’
472 4728 712 4820 veterum
737 4697 1090 4860 instrumenta
1131 4743 1355 4818 coemere
1382 4704 1508 4868 copi
1520 4750 1540 4814 .·
1602 4731 1766 4865 atque
1814 4701 1885 4816 ab
1912 4696 1995 4838 his
2110 4770 2112 4778 ·

471 4871 664 5018 initiis,
719 4867 1065 5022 scorcinnlam
1098 4867 1392 5035 paullatim
1433 4869 1730 5035 qnondam,
1790 4911 1899 5033 qna
1936 4871 1996 4986 in

474 5035 735 5201 Angliom
762 5038 980 5156 tandem
1005 5037 1295 5200 instrnllns
1322 5043 1574 5189 redirem,
1624 5039 1863 5204 colligere
1875 5037 1995 5227 sla·

1214 5251 1247 5326 a
1280 5251 1316 5326 2
1883 5235 1996 5320 tut:
