5212 6732
900 679 963 816 T
984 683 1119 815 ΑΒ
1144 687 1203 805 U
1231 683 1286 806 L
1307 689 1384 806 A'
1440 687 1485 806 Ῐ.
1918 733 1954 848 3

318 881 320 886 ,
428 896 752 1063 exemplum
790 895 1021 1062 praebet,
1080 939 1183 1061 pro
1219 939 1309 1046 en,
1368 937 1483 1060 quo
1499 919 1513 1033 ᾗ
1530 893 1792 1016 omnibus
1838 891 1956 1016 fere

426 1067 672 1232 praestat,
682 1064 887 1189 artium
914 1093 1169 1222 veterum
1196 1107 1406 1215 amore,
1434 1061 1566 1186 alias
1586 1065 1776 1228 postea
1796 1069 1956 1231 quas·

426 1237 579 1387 dam,
624 1265 682 1358 et
708 1233 1118 1401 splendidiores,
1145 1232 1363 1398 opinor,
1393 1236 1583 1356 Roma
1610 1261 1835 1402 quoque
1844 1235 1956 1355 de·
1983 1301 1987 1310 ·

423 1406 725 1576 portandas
745 1403 974 1526 curavit.
1625 1441 1628 1448 ·

510 1571 756 1696 Piaurae
788 1574 955 1727 hujus
983 1569 1190 1738 figuras
1217 1574 1372 1736 quod
1400 1567 1635 1721 attinet3
1682 1616 1756 1692 ex
1778 1577 1953 1695 altera

424 1744 543 1900 ejus
560 1775 736 1911 parte,
783 1745 975 1866 Deum
989 1742 1272 1906 quendam
1300 1739 1651 1891 fluviatilem,
1697 1783 1766 1862 eo
1784 1745 1952 1904 plane

424 1913 621 2036 habitu
638 1911 918 2066 jacentem
944 1909 1238 2055 cernimus,
1282 1952 1397 2072 quo
1426 1907 1728 2028 fluviorum
1772 1913 1949 2061 Deos»,

423 2086 516 2203 vel
537 2080 595 2200 in
623 2077 988 2200 marmoribus
1017 2073 1199 2225 ἧᾶὶοε,
1244 2078 1334 2194 vel
1363 2077 1434 2194 a'b
1464 2071 1787 2200 aunoribus
1808 2078 1951 2202 anti·

422 2249 547 2414 quis
574 2245 869 2412 descriptos
898 2246 1212 2411 accepimus
1230 2267 1252 2394 3'
1294 2275 1555 2366 comatum
1581 2288 1782 2412 nempe
1821 2249 1952 2367 bar·-

423 2421 738 2582 batumque3
764 2421 940 2538 crines
970 2419 1261 2562 arundine,
1290 2414 1397 2571 siu
1433 2411 1604 2534 herba
1623 2414 1812 2581 aliqua
1831 2415 1951 2576 flu·

424 2592 508 2710 vio
517 2591 752 2760 propria
770 2587 1117 2734 redimitum
1163 2581 1316 2703 humi
1328 2587 1754 2734 recumbentem
1787 2614 1952 2750 atque

424 2760 485 2876 in
523 2799 742 2907 urnam,
796 2757 938 2876 unde
991 2757 1163 2876 amnis
1218 2750 1451 2915 largtier
1491 2751 1738 2921 prffluit,
1779 2756 1952 2876 cubito

424 2929 714 3050 innixum³.
1735 2967 1738 2980 ·

509 3201 712 3324 Imus
736 3190 1048 3310 arundineae
1082 3107 1440 3352 recubansque
1447 3182 1560 3341 sttb
1585 3225 1778 3472 digere
1819 3187 1953 3358 ripae
1997 3201 2000 3208 ’

509 3363 798 3486 Cernitun·
814 3487 815 3492 Ν
833 3351 1124 3526 emiffieque
1143 3351 1438 3522 induimus
1486 3357 1621 3476 Inac
1656 3397 1721 3474 us
1757 3369 1958 3502 urnaef.

424 3687 499 3770 ex
526 3645 703 3764 altera
724 3669 894 3804 pnite,
937 3633 1041 3753 viri
1063 3633 1179 3754 duo
1206 3629 1468 3759 discinffi,
1526 3630 1626 3750 sub
1675 3633 1871 3752 arbore
1892 3632 1950 3754 in

423 3819 618 3939 eadem
645 3811 776 3930 sella
793 3805 887 3926 fibi
902 3802 1138 3924 invicem
1160 3801 1425 3951 affident3
1462 3801 1631 3954 juxta
1652 3843 1797 3965 quos
1824 3845 1951 3925 mu·

424 3989 528 4110 lier
542 3981 705 4146 astat,
723 4005 781 4094 et
794 3974 976 4142 gestu,
996 3973 1272 4161 vultuque
1294 3969 1473 4121 hilari,
1490 4011 1756 4090 coronam
1772 4013 1950 4135 quan·

423 4133 558 4280 (inm
582 4141 812 4304 floream
838 4135 1005 4312 capiti
1048 4137 1148 4262 suo
1185 4136 1436 4308 1mponit.
1476 4133 1699 4292 Hujus
1718 4138 1790 4257 ad
1831 4137 1950 4308 fini·

488 4467 521 4520 ³·
535 4444 698 4530 Fluvios
715 4467 847 4524 omnes
866 4437 1109 4550 navigabiloe,
1137 4439 1205 4546 qui
1228 4436 1268 4520 in
1288 4463 1393 4520 mare
1404 4435 1621 4529 decurrunt,
1655 4430 1757 4516 senili
1777 4429 1949 4538 plerum·

335 4573 338 4584 '
425 4599 502 4685 qne
523 4570 648 4651 forma
667 4565 761 4674 fingi
776 4564 896 4644 solitos
912 4561 1106 4668 docetIVir
1125 4559 1259 4640 clariss.
1282 4560 1321 4663 J.
1336 4556 1500 4638 Vaillant
1520 4556 1558 4636 in
1572 4553 1712 4638 Graecis
1726 4553 1945 4661 Imperator.

425 4683 1027 4779 Numismat.--Philosttatus
1047 4677 1180 4762 fluvios
1195 4703 1393 4786 nunquam
1410 4676 1502 4786 erigi
1523 4675 1638 4756 solere
1654 4673 1788 4757 scribit.
1822 4676 1944 4784 (leon.

425 4819 452 4905 l.
478 4811 682 4920 2.c.14.)
712 4811 765 4892 Et
778 4808 828 4890 de
842 4803 1011 4918 Phaſsdis
1032 4800 1156 4914 fluvii
1169 4800 1331 4910 imagine
1352 4799 1526 4908 loquens.
1553 4793 1670 4900 vides,
1706 4797 1842 4904 inquit,
1862 4797 1946 4907 flu·

425 4939 531 5022 vitem
545 4933 660 5046 ipsum
678 4929 861 5016 arundine
878 4928 920 5010 in
947 4926 1043 5026 alta,
1079 4923 1212 5004 tetrico
1241 4923 1350 5004 vultu
1371 4917 1572 5025 jacentem,
1613 4945 1712 5004 coma
1733 4917 1870 5030 densa,
1908 4935 1945 4999 et

427 5062 562 5158 ereda,
578 5055 694 5138 barba
709 5049 950 5165 subhorrida,
986 5047 1099 5131 oculis
1113 5046 1236 5158 caeflis.
1297 5043 1699 5154 Philostr.Jun.1con.
1721 5042 1759 5126 8.

485 5201 508 5250 ⁴
536 5185 628 5266 stat.
651 5175 841 5262 Thebaid.
873 5179 915 5259 6.
936 5201 1050 5288 274.
1067 5171 1120 5252 ib.
1146 5197 1186 5252 2.
1224 5168 1324 5256 218.

1040 5295 1101 5408 A
1149 5331 1185 5407 2
1779 5277 1944 5400 stram
