5042 6724
698 662 1216 790 rnauna
1304 667 1476 789 vm
1745 711 1868 828 109

339 899 561 1048 gemma
611 853 948 982 includenda
1006 885 1143 1007 erat,
1188 899 1318 1022 quae
1374 855 1511 978 Pala
1558 855 1869 1012 dicebatur,

338 1025 784 1220 magnitudinem
839 1067 1114 1190 gemmae,
1185 1054 1620 1188 quantacunque
1676 1024 1868 1179 luerit,

340 1195 485 1317 intra
518 1191 751 1317 orbiculi
778 1194 1072 1314 cavitatem
1114 1193 1368 1358 excipere
1396 1227 1646 1359 poterat:
1712 1200 1867 1316 unde
2022 1289 2031 1298 -

339 1367 541 1485 anulos
570 1364 968 1530 saepenumero,
1011 1366 1086 1483 ob
1131 1405 1478 1528 gemmarum
1526 1365 1868 1530 magnitudi
1953 1471 1956 1476 ,

338 1576 469 1653 nem
499 1563 556 1652 et
595 1531 835 1695 pondus,
879 1531 1154 1652 deformes
1175 1531 1539 1696 molestosque
1562 1529 1737 1683 fuisse,
1767 1580 1868 1654 ne
1923 1593 1932 1608 ·

339 1699 480 1824 cesse
508 1702 631 1822 est¹.
719 1705 945 1820 Horum
983 1743 1090 1890 ego
1127 1702 1430 1820 nonnullos
1455 1699 1717 1864 usquead
1743 1707 1868 1824 haec

339 1899 592 2062 tempora
638 1866 985 1990 conservatos
1026 1867 1158 2018 vidi,
1204 1899 1373 2032 atque
1417 1911 1598 1988 unum
1640 1868 1879 2034 quidem·

339 2039 514 2161 cuiS
546 2037 793 2201 Pompeii
828 2067 1022 2202 caput,
1064 2079 1179 2158 una
1206 2080 1338 2156 cum
1363 2035 1652 2202 sculptoris
1685 2041 1868 2160 nomi-

340 2251 433 2358 ne,
477 2205 536 2326 in
566 2207 743 2328 Sarda
767 2204 970 2326 eximie
1006 2205 1344 2370 insculptum
1367 2237 1517 2324 erat:
1563 2251 1723 2361 cujus
1764 2211 1869 2329 eti·

339 2418 432 2496 am
462 2373 659 2564 ligura
685 2370 977 2563 eslypa,
963 2404 1105 2493 mter
1132 2374 1529 2539 praestantiores
1569 2377 1867 2541 sculpturae

340 2544 540 2664 veteris
564 2541 844 2708 reliquias,
887 2587 920 2663 a
962 2539 1270 2662 Dominico
1305 2545 1459 2724 Rolsr
1498 2545 1820 2666 Romano
1806 2592 1869 2668 tn

337 2715 523 2834 lucem
546 2712 693 2833 edita
721 2715 862 2835 est².
2132 2853 2142 2862 ⁸

355 2885 653 3002 Anulos
695 2881 856 3002 hosce
905 2883 1248 3002 morientibus
1285 2879 1411 2999 olim
1444 2882 1695 3046 religione
1729 2929 1870 3047 qua·
1924 2957 2056 2982 -·---

157 3097 162 3106 ·
340 3055 471 3172 dam
520 3047 744 3171 detrahi
764 3051 953 3208 fhlitor
995 3094 1030 3168 a
1066 3048 1348 3168 veteribus
1401 3051 1664 3170 traditum
1718 3053 1865 3172 est³.

344 3219 522 3392 and
570 3220 724 3339 haud
772 3221 848 3338 ob
891 3217 1056 3336 aliam
1099 3215 1316 3336 sortasse
1364 3217 1587 3337 causam
1643 3218 1867 3343 sadlum

343 3421 480 3540 erat,
525 3425 694 3553 quam
744 3419 810 3507 ut
845 3387 1099 3536 cadaver,
1145 3387 1329 3506 anulis
1364 3381 1647 3537 detradliS,
1692 3393 1868 3513 lavari

343 3482 713 3707 cominodius,
774 3555 1027 3722 ungique
1069 3554 1262 3720 pollet,
1305 3559 1397 3673 vel
1439 3599 1576 3676 nea
1627 3558 1870 3680 Pollinc-

341 3727 554 3849 toribus
599 3724 792 3846 furtim
848 3724 1254 3888 abriperentur·
1300 3767 1431 3844 nam
1483 3725 1677 3877 exiis,
1735 3775 1867 3894 quae

341 3895 503 4106 supra
527 3893 661 4043 dixi,
702 3927 935 4060 apparet
969 3891 1187 4010 cosdem
1233 3891 1469 4012 mortuis
1497 3895 1685 4059 postea
1713 3901 1868 4018 resti-

294 4183 296 4186 ·
404 4151 701 4252 'Ficcotonius¹
735 4151 770 4232 se
790 4150 920 4232 anulos
940 4149 1131 4234 interdum
1152 4178 1281 4232 aureos
1320 4151 1359 4231 in
1390 4150 1590 4262 sepulchris
1611 4155 1772 4264 antiquis
1801 4157 1863 4237 in-

340 4275 474 4361 veniffe
496 4276 602 4372 dicit,
634 4300 799 4382 quorum
819 4274 880 4354 alii
895 4276 972 4370 sex,
1003 4275 1064 4353 alii
1083 4275 1216 4356 decem
1234 4270 1459 4374 Zecchinos,
1492 4275 1585 4384 (hoc
1603 4275 1671 4372 est,
1701 4301 1865 4358 moneta

338 4399 510 4510 Anglicae
528 4417 601 4478 tres
621 4396 767 4477 circiter
781 4415 849 4478 aut
867 4396 1037 4504 quinque
1054 4394 1228 4504 guineas)
1241 4396 1320 4476 auri
1335 4397 1497 4504 pondere
1512 4419 1768 4504 exaequarunt.
1790 4405 1860 4515 [L.

339 4523 387 4604 L.
410 4551 447 4631 p.
472 4527 550 4624 64,
571 4517 661 4634 67.]
694 4519 803 4601 Hinc
820 4517 994 4618 Isidorus,
1027 4518 1153 4618 multi,
1171 4518 1310 4625 iuquit,
1341 4519 1659 4626 Romanorumpro
1676 4521 1863 4626 gravita-

338 4661 378 4727 te
395 4642 542 4725 anulum
561 4640 604 4721 in
636 4637 755 4750 digito
777 4638 919 4748 gqstare
945 4636 1209 4745 abstinuerunt.
1276 4642 1403 4748 [Orig.
1426 4641 1454 4722 l.
1494 4671 1560 4751 19.
1584 4667 1617 4723 c.
1645 4639 1740 4752 μ]
1767 4645 1860 4751 Jam

338 4765 415 4868 alii,
447 4765 569 4872 inquit
591 4764 744 4864 Plinius,
769 4761 932 4872 pondera
952 4788 1071 4842 eorum
1087 4760 1281 4868 ostentant.
1320 4762 1392 4872 l3
1403 4795 1441 4873 ς.
1472 4791 1511 4845 1.

345 4937 349 4946 ·
401 4901 420 4938 ¹
448 4891 608 4970 Gemm.
630 4883 787 4968 Antich.
807 4885 897 4966 vot.
925 4914 960 4969 1.
981 4886 1021 4964 T
1022 4885 1081 4965 ab.
1106 4888 1149 4967 6.

400 5029 414 5082 3
450 5009 545 5090 Plio.
562 5009 665 5092 Hist.
680 5009 774 5090 Nat.
800 5037 870 5120 33.
901 5038 939 5092 r.
967 5007 1056 5088 Vid.
1078 5004 1301 5090 Kirchman.
1324 5007 1370 5088 de
1386 5008 1521 5088 anulis.
1542 5035 1576 5092 c.
1612 5037 1687 5092 22.
1711 5014 1791 5121 ,qut
1807 5016 1858 5098 d'e

334 5133 409 5220 hoc
429 5149 654 5243 argumento
676 5129 852 5218 libellum.
867 5131 1020 5214 summa
1038 5131 1245 5214 eruditione
1260 5128 1446 5213 refertum
1462 5129 1598 5213 edidit.

1684 5257 1859 5414 tutos,
