5008 6706
669 696 1489 842 4‘r'll13uLnX2Xn
1728 747 1851 886 2352

325 961 435 1081 tur,
478 969 646 1098 quam
671 961 741 1050 ut
780 932 973 1051 Isidem
1002 906 1217 1053 facilius
1254 931 1658 1083 conciliarent,
1680 945 1851 1120 atque·
1929 1005 2055 1066 η

325 1102 397 1219 ad
425 1101 760 1220 cadaverum
785 1103 987 1232 horum
1015 1105 1252 1220 tutelam
1276 1100 1598 1258 allicerent.

330 1273 502 1390 Ex
532 1271 635 1420 hac
664 1268 980 1390 loculorum
999 1267 1424 1432 ornandorum
1409 1247 1749 1420 inventione,
1793 1301 1850 1394 et

324 1413 622 1626 sculpturae
666 1468 722 1558 et
769 1435 1057 1601 picturae
1051 1440 1240 1602 origo
1249 1434 1517 1588 deducta,
1582 1471 1751 1601 atque
1782 1438 1850 1558 in

325 1605 460 1726 alias
487 1639 681 1802 gentes
709 1606 953 1725 derivata
999 1605 1102 1724 elle
1133 1607 1378 1725 videtur:
1424 1607 1576 1770 apud
1618 1612 1850 1731 Graecos

324 1773 490 1921 enim,
523 1815 669 1952 quos
691 1775 892 1896 artium
919 1761 1141 1894 suatum
1171 1751 1466 1940 primordia
1488 1777 1558 1894 ab
1587 1780 1850 1972 AEgyptq
2013 1763 2017 1772 ⁴

328 1941 548 2063 duxille
584 1937 818 2093 constat,
864 1935 1058 2061 statuae
1110 1945 1223 2109 istae
1255 1949 1552 2092 Hermaeae,
1595 1942 1851 2089 omnium

326 2091 698 2296 prpeuldubiu
725 2109 1151 2276 antiquillrmae',
1173 2093 1412 2276 quarum
1442 2038 1732 2229 norin'ullae
1750 2114 1850 2232 eti

326 2323 420 2398 am
447 2281 624 2399 hodie
640 2311 855 2434 extant,
898 2281 969 2398 ad
999 2282 1314 2400 loculorum
1356 2282 1581 2398 horum
1611 2251 1851 2400 formam
2018 2343 2022 2352 ·

124 2474 136 2482 “
326 2449 734 2637 modulumque
783 2453 947 2614 plane
962 2445 1165 2570 effi6lae
1186 2449 1291 2569 elle
1312 2465 1615 2613 apparent:
1664 2449 1850 2618 Qlip-
1921 2461 1923 2464 ’

164 2774 169 2780 .
326 2661 398 2782 pe
436 2614 601 2737 nihil
622 2617 774 2737 aliud
822 2649 1007 2770 erant,
1067 2661 1133 2738 ac
1180 2620 1466 2737 Deorum
1488 2615 1852 2768 hominumve

327 2784 557 2951 capita,
567 2818 773 2906 trunco
801 2783 988 2964 ligneo
1012 2803 1111 2907 aut
1122 2767 1362 2950 lapideo
1368 2785 1637 2976 oblong0,
1680 2817 1852 2950 atque

13 2977 19 2984 '
203 2992 206 3004 ¹
327 2955 605 3112 asummo
633 2955 758 3074 ad
744 2989 920 3075 rmum
946 2953 1141 3075 leniter
1178 2952 1523 3112 decrescenti,
1583 2953 1855 3119 impufita

326 3129 454 3242 At
435 3167 565 3242 vero
594 3125 960 3244 Graecorum
947 3124 1232 3294 ingenium
1248 3166 1371 3247 acre
1388 3122 1532 3244 intra
1550 3124 1650 3242 has
1671 3123 1852 3290 lculp

324 3321 486 3410 turae
493 3292 775 3458 angustias
797 3283 947 3412 haud
970 3294 1079 3412 diu
1088 3289 1357 3412 coarclari
1375 3291 1597 3457 potuit,
1629 3290 1729 3411 sed
1751 3337 1851 3413 na·

326 3490 514 3581 turam
542 3463 740 3581 ducem
772 3461 1019 3636 sequem,
1086 3460 1296 3624 reliqua
1351 3460 1560 3625 quaevis
1607 3461 1852 3652 corporis

326 3633 597 3777 membra,
627 3673 952 3749 emarmore
981 3631 1182 3795 pariter
1210 3628 1457 3794 lingere,
1483 3659 1654 3795 atque
1669 3629 1824 3748 ad
1771 3675 1855 3748 vr
1852 3737 1855 3743 .

327 3829 402 3916 tae
426 3794 593 3959 ipfius
621 3789 1046 3946 similitudinem,
1105 3797 1492 3961 omnesquej
1448 3839 1563 3916 eus
1599 3795 1851 3918 acliones

326 3997 383 4118 et
428 3965 614 4132 gestus
671 3965 889 4085 summo
938 3953 1163 4085 artilicio
1191 3845 1606 4086 accommoilare
1655 3966 1841 4131 εοερῑτζ

324 4111 589 4300 AEgyptii
618 4166 831 4316 contra,
874 4135 952 4306 rei
1002 4133 1127 4255 licet
1174 4135 1272 4289 huj
1275 4180 1342 4253 us
1393 4134 1726 4285 inventore8‚
1789 4165 1890 4253 33
1894 4196 2069 4222 ---

325 4303 560 4492 priscam
593 4333 785 4422 tamen
815 4297 940 4422 eam
970 4302 1098 4422 artis
1144 4301 1559 4469 limplicitatem‚
1602 4301 1701 4422 vix
1738 4347 1846 4423 urr-
1973 4355 1975 4358 ¹

324 4485 492 4638 qua'm
530 4469 768 4637 penitus
819 4471 1100 4591 deseruisse
1129 4472 1418 4591 videntur:
1465 4515 1593 4590 nam
1636 4471 1877 4592 etiamsi

323 4640 586 4806 corporis
583 4641 825 4759 humani
852 4639 1112 4790 lormam,
1166 4627 1435 4759 membris
1456 4635 1561 4759 suis
1581 4641 1844 4760 omnibus

323 4804 671 4960 instruclam,
714 4807 941 4974 perinde
969 4852 1054 4928 ac
1065 4810 1271 4959 Graeci,
1316 4853 1347 4926 e
1377 4809 1529 4974 ligno
1557 4841 1658 4928 aut
1706 4799 1851 4975 lapi-,-

320 4979 390 5096 de
419 5007 673 5098 accurate
701 4976 823 5098 satis
851 4979 1156 5144 exprimere
1186 4975 1501 5126 didiciffent‚
1545 5008 1604 5096 at
1624 4977 1841 5143 gestum

318 5189 371 5334 er
356 5145 633 5288 liberum
660 5145 899 5356 aliquem
942 5178 1058 5268 aut
1066 5150 1375 5282 naturalem
1403 5149 1844 5432 haudquaquam

964 5361 1005 5471 4
1598 5343 1667 5434 trr
1706 5353 1838 5433 uere
2024 5349 2026 5356 ·
