5008 6706
659 677 783 802 232
1081 631 1381 804 TABu
1411 635 1547 780 LA
1591 531 1798 764 xxtt.

654 843 789 964 nino
809 833 1158 962 referendum
1177 836 1417 961 censeo¹.
1508 843 1895 1008 Qrarnobrem
1921 835 2059 964 nihil
2077 845 2178 968 mi·

655 1011 714 1130 hi
742 1007 894 1129 aliud
908 1009 1032 1162 jam
1059 1005 1318 1130 relictum
1334 1007 1576 1158 videtur,
1620 1051 1790 1172 quam
1815 1007 2060 1132 Murniae
2076 1035 2179 1134 no'-

657 1179 781 1299 strae
809 1169 1071 1342 effigiem,
1113 1207 1288 1342 atque·
1308 1207 1571 1298 ornatum
1598 1171 1915 1298 hominibus
1951 1177 2170 1303 curiosrs

655 1341 1100 1512 inconspectum
1130 1347 1274 1472 dare,
1318 1375 1376 1466 et
1410 1341 1672 1510 quicquid
1699 1343 1757 1464 in
1793 1389 1860 1463 ea
1882 1343 2173 1514 fingulare,

653 1512 1110 1683 praecipuumque
1136 1511 1326 1666 fuerit,
1370 1511 1510 1636 illud
1538 1555 1708 1678 quam
1739 1511 1978 1634 breviter
2003 1511 2176 1686 ,expet

654 1725 785 1806 nere
820 1715 990 1849 atque
1028 1681 1315 1806 illustrare.

739 1857 884 1975 Haec
905 1851 1074 2020 igitur
1104 1851 1352 2004 Tabula,
1396 1847 1638 1972 Mumiae
1665 1851 1885 1974 thecam
1911 1852 2006 1974 seu
2022 1855 2178 1974 locu·

653 2025 794 2172 luni,
838 2021 1031 2212 figuris
1057 2019 1384 2186 quibusdam
1405 2018 1715 2184 symbolicis
1764 2049 1936 2188 atque
1971 2023 2174 2146 Hiero·

651 2190 928 2358 glyphicrs
962 2187 1183 2356 pictum
1218 2191 1476 2312 exhibet:
1531 2185 1587 2308 in
1616 2231 1732 2356 quo
1776 2193 2017 2312 cadaver·
2039 2189 2176 2314 scili-

652 2391 760 2512 cet,
804 2361 1212 2526 AEgyptiotum
1238 2402 1412 2510 more,
1471 2355 1762 2510 bitumine,
1800 2359 2069 2513 balsamis,
2089 2389 2174 2484 at·

653 2567 764 2696 que
790 2529 1130 2650 aromatibus
1157 2527 1461 2656 conditum,
1505 2525 1804 2694 repositum
1836 2555 1969 2650 erat.
2067 2531 2176 2652 Lo:

653 2701 820 2818 culus
855 2737 989 2818 vero
1011 2698 1119 2864 ipse
1147 2697 1287 2818 nihil
1308 2695 1443 2846 fere,
1485 2739 1524 2816 a
1558 2694 1752 2818 ceteris
1796 2697 2042 2852 ejusdem·
2075 2741 2174 2865 ge·

653 2864 798 2989 neria
823 2865 1119 3018 diversum,
1160 2867 1320 2988 nobis
1363 2863 1544 2988 offert.
1631 2869 1733 2986 Ex·
1773 2867 1991 2988 duabus
2036 2865 2171 3034 ligni

653 3033 967 3200 Sycaminei
1000 3037 1247 3202 partibus
1273 3035 1487 3156 constat
1496 3082 1515 3188 3
1560 3034 1806 3200 utrisque
1827 3035 1884 3156 in
1902 3077 2034 3157 eum
2056 3081 2173 3158 mo·

653 3205 792 3325 dum
810 3203 1094 3325 artificiose
1115 3203 1415 3355 excavatiS,
1443 3235 1512 3326 ut
1531 3204 1672 3325 inter
1692 3204 1797 3325 sese
1818 3203 2019 3324 deinde
2041 3249 2170 3324 con·

648 3369 883 3530 junctae,
949 3373 1227 3516 cadaveris
1259 3371 1424 3538 ipsius
1453 3375 1691 3495 formam
1738 3417 1804 3492 ac
1832 3372 2170 3538 magnitudi-

654 3585 786 3660 nem
815 3541 1022 3696 justam
1054 3585 1266 3706 capere,
1312 3572 1368 3661 et
1395 3547 1468 3663 ab
1494 3543 1647 3664 omni
1691 3539 1830 3662 aeris
1853 3539 2065 3662 acceffu
2106 3587 2170 3663 ac

652 3705 864 3830 danmo
892 3711 1207 3830 conservare
1229 3705 1456 3876 poffent.
1564 3715 1763 3876 Atque
1811 3713 1920 3830 hoc
1962 3713 2171 3834 loculo—

656 3915 783 3998 rum
810 3919 1007 4044 genua
1050 3883 1125 3998 ob
1166 3877 1491 4000 conficiendi
1533 3879 1908 4048 pingendique
1955 3880 2172 4002 artifici*

655 4087 772 4199 um,
805 4047 1068 4167 omnium
1097 4048 1222 4166 sane
1251 4049 1705 4216 pretiosrssimum‚
1751 4093 1854 4170 nec
1891 4045 1986 4169 nisr
2015 4048 2171 4171 nobi·

655 4207 879 4340 liotibus
906 4215 1256 4338 ditioribusve
1288 4215 1533 4338 dicatum
1563 4215 1818 4340 traditur.
1949 4343 1953 4352 ,

711 4385 1076 4540 Hujusmodi
1107 4429 1242 4506 vero
1264 4387 1451 4537 loculi,
1496 4427 1609 4506 non
1644 4388 1716 4506 ad
1738 4387 1982 4552 corporis
2001 4390 2173 4510 modo

653 4551 901 4719 figuram¹
918 4553 1303 4722 excipiendam
1326 4555 1476 4674 intus
1496 4557 1917 4708 accommodati,
1962 4558 2053 4678 sed
2074 4544 2175 4678 ex·

714 4881 728 4922 ¹
759 4864 847 4947 Viri.
868 4863 1041 4952 Kitcher.
1070 4865 1206 4976 Oedip.
1228 4865 1385 4976 AEgypt.
1408 4863 1498 4949 vot.
1539 4897 1578 4980 3.
1600 4895 1637 4978 p.
1658 4869 1760 4984 387.
1781 4871 1976 4984 syntagm.
1994 4869 2093 4954 XIII
2109 4869 2174 4958 Du

644 4987 1116 5224 ἕζιὶωίξεῆἓὲἰηοξα
1134 4985 1234 5074 Petri
1253 4987 1301 5138 de
1316 4989 1441 5152 Valle,
1463 4987 1680 5158 Titevenot,
1712 4993 1769 5076 Le
1785 4995 1903 5100 Brun,
1925 4991 2056 5096 Shavr,
2092 4995 2166 5156 Pu·

740 5177 754 5221 2

2086 5259 2179 5353 tra,
2225 5297 2245 5336 x
