5042 6724
455 689 461 700 ·
561 621 750 790 'm
1063 597 1784 777 ranunn1n

653 855 1021 1024 verisimilem,
1048 859 1121 984 ab
1138 855 1313 984 Ateio
1335 855 1612 1022 Capitone
1634 855 1913 1008 traditam,
1975 857 2207 982 Macro-

645 1033 782 1192 «nius
823 1057 1239 1158 commemorat.
1328 1037 1369 1100 “
1410 1030 1661 1177 Veteres,
1722 1023 1923 1192 inquit,
1979 1072 2097 1150 non
2117 1075 2208 1152 or-

659 1213 704 1272 “
748 1231 913 1324 natus
928 1199 1019 1317 sed
1030 1195 1277 1364 signandi
1285 1195 1445 1318 causa
1466 1197 1702 1316 anulum
1715 1193 1902 1316 secum
1916 1195 2207 1320 circumfe-

661 1379 707 1442 “
752 1364 1467 1534 rebant-imprimebatur
1498 1393 1690 1484 autem
1723 1363 2003 1533 sculptura
2030 1399 2206 1490 mate-

665 1573 700 1622 “
742 1537 839 1658 riae
867 1534 1045 1685 anuli,
1090 1534 1200 1654 five
1219 1571 1294 1655 ex
1320 1531 1467 1654 ferto
1496 1529 1603 1652 live
1622 1575 1698 1651 ex
1714 1536 1855 1656 auro
1898 1531 2082 1660 foret:
2147 1571 2205 1660 et

667 1719 715 1785 “
753 1703 1073 1874 gestabatur
1099 1733 1168 1824 ut
1193 1701 1422 1872 quisque
1443 1703 1635 1852 vellet,
1657 1727 1996 1868 quacunque
2012 1747 2204 1858 manu,

635 1884 705 1984 .“
746 1872 997 2042 quolibet
1024 1869 1219 2040 digito.
1307 1871 1504 1994 Postea
1531 1869 1662 1992 usus
1690 1870 2029 1994 luxuriantis
2070 1903 2204 1994 aeta-

667 2056 714 2117 “
757 2045 825 2166 tis
841 2039 1146 2208 signaturas
1167 2039 1411 2209 pretiosis
1433 2037 1665 2210 gemmis
1680 2039 1857 2207 coepit
1874 2039 2204 2207 insculpere:

670 2225 715 2288 “
758 2242 816 2335 et
835 2209 1086 2334 ¹certatim
1109 2211 1232 2332 haec
1250 2251 1444 2334 omnes
1469 2207 1703 2332 imitatio
1732 2207 2009 2361 laceffivit,
2052 2243 2122 2331 ut
2137 2213 2207 2332 de

673 2394 718 2454 “
760 2410 1074 2548 augmento
1093 2379 1297 2544 pretii,.
1322 2421 1440 2546 quo
1456 2375 1782 2546 sculpendos
1800 2377 2007 2544 lapidoo
2024 2377 2209 2546 paras·

674 2561 720 2626 “
762 2552 901 2699 sent,
943 2547 1332 2716 gloriarentur.
1419 2545 1574 2668 Hinc
1601 2543 1821 2670 fadum
1838 2546 1951 2696 est,·
1980 2579 2050 2668 ut
2076 2547 2209 2668 usus

677 2729 727 2798 ‘⁶
760 2719 1068 2846 anulorum
1087 2747 1386 2883 exemptus
1406 2715 1646 2870 dextrae,
1686 2761 1816 2884 quae
1838 2721 2083 2840 multum
2110 2761 2210 2838 ne-

677 2898 723 2990 ‘-‘
762 2885 1045 3058 gotiorum
1073 2885 1234 3054 gerit,
1275 2885 1335 3008 in
1363 2887 1565 3010 laevam
1592 2889 1945 3174 relegaretur,
1988 2931 2118 3052 quae
2144 2929 2207 3007 o·

679 3069 719 3192 ‘f
762 3053 946 3182 tiosror
966 3055 1080 3201 est;
1102 3099 1173 3178 ne
1188 3057 1384 3178 crebro
1402 3087 1564 3180 motu
1580 3088 1689 3177 eto
1750 3053 1839 3178 cio
1859 3099 2060 3178 manus
2074 3056 2211 3175 dex·

683 3237 727 3298 “
770 3255 894 3374 tre,
947 3223 1162 3388 pretiosi
1212 3223 1423 3392 lapides
1466 3223 1873 3390 frangerentur.
1977 3221 2209 3345 Erettus

687 3401 729 3507 ‘.‘
772 3422 963 3514 autem
980 3388 1036 3512 in
1053 3389 1165 3559 ipsa
1180 3395 1324 3518 laeva
1342 3437 1533 3543 manu,
1554 3391 2209 3562 digitusminimoproxi·

686 3571 726 3633 “
767 3603 913 3711 mue,
957 3557 1109 3726 quast
1131 3561 1315 3728 aptior
1342 3563 1567 3714 ,cetaria
1606 3562 1699 3686 cui
1726 3563 2210 3685 commendaretur

689 3739 731 3804 “
773 3727 928 3886 anuli
955 3729 1273 3895 pretiositas.
1360 3733 1683 3854 Nam--et
1706 3731 1891 3854 minus
1915 3729 2092 3852 officii
2117 3769 2212 3898 ge-

689 3907 729 4030 ‘.‘
770 3897 861 4048 rit,
903 3897 1108 4192 chidon
1130 3899 1399 4024 servando
1421 3904 1596 4024 anulo
1621 3901 1796 4072 magis
1822 3901 2205 4028 adcommoda·

692 4077 735 4140 ‘6
776 4097 871 4193 tus
906 4109 938 4190 e
994 4067 1074 4190 ¹0„

1236 4351 1255 4454 ξ
1274 4351 1448 4438 Macrob.
1466 4353 1542 4442 Sat.
1558 4351 1585 4438 l.
1602 4379 1644 4470 7.
1660 4379 1695 4439 c.
1716 4325 1803 4470 13.
