5212 6732
518 913 678 1420 ι
815 908 1259 1418 Νι)
1400 1137 1807 1422 EX

383 1887 390 1910 .
451 1791 692 1910 RERUM
734 1832 865 1953 quae
894 1787 951 1906 in
993 1788 1078 1908 his
1105 1783 1389 1910 Turum
1411 1757 1695 1953 descriptae
1721 1785 1979 1952 atquein

537 1960 1146 2080 Drssuurnrrouruus
1189 1955 1389 2076 deinde
1421 1954 1721 2122 explicatae„
1750 1955 1896 2078 sunt.

1014 2555 1074 2652 In
1102 2503 1442 2654 Tabulas..

586 2721 822 2814 duranno
785 2714 1004 2835 tia‚err
1026 2709 1254 2850 sepulchri
1264 2715 1419 2832 veteris
1437 2699 1617 2846 pariete,
1642 2655 1805 2814 Roma
1822 2641 1982 2814 excisa.

574 2852 688 2950 Ubi
705 2851 821 2950 de
862 2849 1040 2947 oriola'
1027 2885 1077 2948 ιιι
1101 2885 1155 2947 ea
1180 2825 1434 2981 expressa,
1427 2873 1474 2948 et
1492 2847 1550 2947 de
1579 2846 1831 2986 figurarum
1854 2849 1986 2952 vesti-

453 3013 506 3088 tu
523 3025 577 3085 ac
598 2987 909 3120 descriptione,
919 2983 1183 3147 conjeflurae
1200 2986 1407 3119 quadam
1426 3021 1509 3119 pro
1510 2981 1727 3083 l'.eruntur
1780 2989 1910 3082 Tum
1927 2987 1986 3086 de

454 3129 636 3286 pisturis
659 3124 970 3244 istiusmodi,
955 3159 1005 3220 ιιι
1026 3125 1252 3256 parietum
1285 3127 1473 3221 tectorio
1495 3125 1689 3256 repertis,
1740 3147 1986 3260 earumque

440 3265 627 3400 origine
644 3297 698 3360 ac
718 3259 985 3395 praestantia,
1019 3259 1243 3360 nonnulla
1261 3261 1511 3468 generatim
1526 3256 1811 3410 differuntur.

1099 3509 1335 3662 Tab311.

525 3681 694 3814 Figura
720 3677 965 3803 muliebris,
991 3641 1241 3812 porcellum
1263 3680 1436 3787 dextra,
1471 3703 1607 3814 atque
1626 3677 1904 3780 rufantulum
1926 3673 1986 3779 s1

456 3819 593 3922 nistra
616 3794 802 3949 gestans.
870 3751 965 3912 Ubi
984 3813 1228 3915 infantulos
1259 3817 1319 3916 ad
1354 3821 1560 3914 Deorum
1581 3816 1737 3936 altaria
1758 3811 1983 3942 initiandi,

455 3993 509 4057 ac
531 3953 855 4054 nominandi'
820 3975 929 4050 ntus
949 3989 1121 4077 omnes,
1139 3987 1249 4052 cum
1270 3951 1393 4087 apud
1418 3959 1595 4069 Graeoor
1610 3977 1711 4056 tum
1732 3961 1981 4136 Romanor,

456 4093 552 4196 fuse
573 4092 672 4192 satir
695 4089 990 4227 explicantur.

532 4543 575 4606 1.
610 4427 737 4604 Bulla
759 4537 905 4603 aurea.
975 4505 1068 4603 Ubi
1080 4352 1344 4605 ddblirlllle
1381 4501 1461 4602 usu
1497 4445 1633 4633 atque
1665 4505 1837 4633 origine
1861 4501 1983 4634 apud

458 4665 621 4744 veteres
656 4647 887 4740 Romanos
908 4640 1197 4772 disquiritur.
1249 4675 1440 4774 eamque
1472 4675 1617 4772 neque
1639 4637 1973 4762 cordiformem',
2119 4651 2133 4672 “

263 4775 267 4784 ’
438 4818 619 4917 neque,
658 4803 711 4878 ut
735 4775 973 4876 dodorum
999 4777 1199 4912 plerique
1220 4773 1488 4897 existimant,
1530 4777 1984 4945 'atriumphantibus

458 4924 649 5018 omnino
672 4915 903 5050 gestatam,
953 4950 1103 5048 neque
1142 4912 1362 5013 nobilibus
1393 4917 1634 5052 propriam,
1672 4913 1794 5014 sed
1780 4924 2006 5050 ingenuisv

459 5055 709 5192 promiscue
727 5056 937 5152 omnibus
958 5090 1042 5188 pro
1071 5053 1254 5153 arbitrio
1293 5051 1549 5186 permissam
1588 5046 1688 5172 esse,
1724 5053 1982 5157 ostenditur.

465 5231 541 5296 11.
580 5193 785 5296 Mulieris
808 5215 944 5328 atque
986 5188 1219 5312 Infantuli,
1259 5225 1335 5289 cur
1321 5189 1486 5290 Bulla
1522 5225 1578 5290 ex
1600 5127 1719 5289 collo
1748 5191 1982 5326 dependet,

1168 5363 1199 5458 p
1683 5331 1988 5462 Imagunculae
