5042 6724
679 715 806 829 n4
1043 627 1761 802 TABULAIX

674 887 813 998 “et
821 873 1237 1050 sormosrssnni3
1299 881 1451 1045 quast
1496 925 1612 1002 non
1661 913 1778 1002 tarn
1836 881 2195 1042 ministrandi,

673 1055 715 1116 “
756 1091 927 1212 quarn
956 1047 1222 1170 convivas
1249 1047 1475 1242 aspedlu
1515 1049 1616 1172 suo
1652 1047 1967 1174 deledlandi
1948 1059 2193 1244 gratia,

673 1215 1009 1342 “adhibiti.
1098 1223 1190 1340 Ex
1223 1217 1309 1343 his
1335 1263 1575 1340 mmores
1623 1253 1762 1340 natu
1801 1221 1960 1388 pueri
1997 1269 2212 1348 vinum·

673 1386 713 1452 “
756 1382 1025 1536 fundunt,
1068 1387 1303 1540 majores
1331 1421 1544 1552 aquam
1586 1387 1863 1540 afferunt3
1911 1391 2041 1582 loti,
2075 1397 2194 1558 gla-

588 1563 591 1572 ’
674 1561 713 1622 “
757 1554 968 1718 brique‚
1012 1557 1180 1676 vultu
1217 1553 1429 1708 fucato,
1472 1556 1836 1724 capillisque
1819 1603 1878 1678 ιιι
1903 1559 2192 1686 cincinnu-

672 1729 711 1792 “
754 1725 840 1842 los
859 1725 1139 1910 eleganter
1165 1723 1355 1891 plexis.
1443 1729 1849 1849 Comamenrm
1876 1730 2057 1881 alunt,
2101 1735 2211 1850 vel·

671 1898 711 1960 “
726 1935 987 2080 omnino
1025 1891 1242 2044 intonfi,
1280 1895 1373 2015 vel
1412 1937 1448 2015 a
1484 1893 1669 2017 fronte
1706 1925 1932 2018 tanturn
1967 1897 2193 2062 praesec-
2243 2025 2251 2034 ,

671 2067 711 2129 “
753 2058 825 2180 tis
851 2057 910 2180 in
938 2065 1132 2184 orbem
1177 2062 1431 2183 crinibus.
1545 2061 1944 2216 Tenuissrmas,
2000 2067 2192 2195 candi·

670 2235 710 2300 “
750 2229 957 2394 dasque
994 2227 1277 2396 praecinffi
1305 2232 1540 2384 tunicas,
1582 2233 1854 2354 anteriore
1903 2265 2060 2397 parte
2118 2235 2193 2356 ad

669 2406 708 2468 “
668 2441 939 2638 “genua
964 2399 1228 2529 demissas
1272 2401 1571 2568 posteriore
1598 2401 2013 2599 aliquantulum
2045 2402 2190 2524 infra

827 2568 1013 2732 plima,
1066 2601 1364 2735 utramque
1392 2599 1607 2736 partem
1650 2571 1830 2732 taeniis
1874 2569 2196 2735 duplicatis

639 2879 642 2884 Ι
667 2573 1057 2858 “seecundum
1109 2739 1486 2862 commissuras
1547 2739 1776 2892 tunicae,
1814 2739 2213 2912 adstringam·

665 2909 705 2976 ‘⁴
741 2936 860 3055 tes.
907 2906 1053 3029 sinus
1080 2952 1156 3030 ex
1199 2909 1510 3032 lateribus
1496 2954 1554 3032 ιιι
1582 2913 1764 3030 altum
1789 2891 2049 3030 tollentes
2097 2909 2190 3029 scu

664 3079 701 3144 “
704 3076 1092 3206 ventilantes,
1135 3123 1201 3200 ac
1259 3077 1469 3200 tunicae
1517 3083 1693 3202 latera
1766 3079 2064 3200 dilatantes
2118 3079 2193 3200 ad

662 3248 703 3316 “
701 3289 982 3368 munera
1028 3245 1225 3373 attenti
1272 3246 1536 3388 convivas
1561 3248 1870 3370 observant.
1958 3247 2187 3370 Adsunt

661 3417 703 3485 “
736 3414 914 3546 etiam
933 3413 1025 3538 alii
1051 3417 1537 3570 adolescentes,
1483 3462 1585 3539 vrx
1612 3417 1793 3583 prima
1818 3416 2086 3582 lanugine
2107 3414 2190 3536 ef·
2207 3469 2214 3480 ·

662 3591 703 3694 “.
707 3581 1105 3736 florestentes,
1150 3618 1463 3722 amatorum
1491 3633 1672 3780 nuper
1707 3589 1932 3710 suorum
1954 3585 2192 3738 deliciae,
2256 3591 2258 3596 ’

662 3760 918 3918 “atque
953 3757 1029 3910 ad
1047 3753 1347 3882 ministeria
1375 3759 1633 3923 graviora
1666 3737 1957 3925 diligenter
1994 3755 2217 3876 admo-'⁹
2304 3799 2312 3804 ·

477 3915 482 3922 ’
661 3932 714 4014 “-
744 3923 907 4062 dum
926 3924 1244 4045 exercitati.
1310 3927 1693 4048 Dominarum
1730 3922 2062 4115 opulentiae,
2103 3923 2214 4044 uti·

599 4161 612 4176 ··
660 4103 699 4160 “
725 4091 823 4212 illi
859 4071 1108 4258 quidem,
1166 4093 1275 4260 qui
1300 4094 1380 4216 eis
1427 4127 1685 4253 utuntur,
1728 4091 2068 4246 existimant,
2118 4123 2192 4212 ut

659 4272 697 4334 “
727 4295 872 4404 vero
898 4262 1002 4383 sese
1025 4303 1109 4382 res
1138 4265 1326 4415 habet,
1357 4264 1613 4387 stultitiae
1631 4260 1966 4386 ostentatio&

736 4436 844 4579 ΕΧ
868 4433 977 4550 hoc
1016 4435 1316 4554 Servorum
1365 4477 1552 4626 grege,
1600 4437 1809 4555 Pueros
1838 4433 2188 4558 Alexandri-
2326 4521 2329 4528 ,

656 4587 779 4750 nos,
823 4569 1100 4721 Romanis
1119 4601 1372 4724 omniurn
1404 4605 1647 4738 maxime
1689 4602 1748 4722 in
1781 4599 1990 4722 deliciis
2027 4599 2219 4723 soille.⁴

657 4767 892 4890 constat.
979 4771 1207 4938 Quippe
1236 4773 1330 4938 qui
1358 4803 1557 4893 natura
1584 4771 1816 4922 dicaces,
1852 4767 2101 4962 jocisque
2129 4801 2188 4890 et

656 4938 857 5059 salibus
887 4938 1058 5098 dediti
1105 4971 1280 5090 erant,
1325 4939 1640 5108 artibusque
1680 4941 1847 5062 etiam
1897 4938 2029 5068 istis,
2063 4943 2185 5106 qui·
2303 5016 2305 5020 ·

717 5164 749 5258 θ’
761 5150 868 5244 'Phar
881 5160 1022 5243 devii.
1047 5118 1308 5276 contemplat,
1325 5165 1442 5275 Opes.
1462 5161 1552 5252 Vol.
1572 5191 1668 5277 ap.
1692 5191 1797 5280 479.
1817 5159 1927 5250 Edit.
1947 5153 2127 5400 Londirg.

738 5389 745 5400 .
814 5395 823 5407 ,
957 5321 986 5402 1
1265 5338 1269 5344 ’
1375 5339 1379 5346 ·
1442 5329 1447 5344 ’
1527 5325 1533 5342 ’
1987 5369 1992 5373 -
2115 5315 2190 5405 U&
