5212 6732
520 669 524 678 ’
672 684 753 804 xii
1075 683 1806 811 PRAEFATIO.

671 889 848 1010 atatis
862 885 1158 1009 nominibus
1171 917 1271 1008 aut
1285 887 1659 1044 injucundum,
1702 887 1906 1054 opinor,
1949 913 2051 1006 aut
2073 887 2197 1008 inu-

665 1057 767 1177 tile
777 1059 961 1216 foret,
988 1061 1180 1215 fontes
1206 1101 1289 1176 eos
1329 1060 1576 1220 antiquos
1624 1056 1898 1174 interdum
1938 1083 2196 1220 repetere,

671 1229 811 1345 unde
826 1231 1033 1394 primos
1053 1225 1309 1346 doctrim
1326 1223 1651 1346 liberalioris
1671 1218 1890 1386 haustus
1919 1226 2194 1374 duxerint,

671 1397 962 1560 quibusque
1009 1437 1212 1514 omnem
1266 1436 1404 1542 eam,
1447 1433 1817 1557 quamcunque
1856 1383 2091 1540 teneant,
2114 1435 2195 1509 co·

659 1563 901 1728 gitandi‚
965 1561 1197 1710 dicendi,
1232 1561 1576 1715 scribendine
1620 1558 1963 1724 elegantiam,
2012 1585 2195 1726 accep·

665 1759 787 1848 tam
801 1728 1122 1896 pkramque
1165 1727 1380 1884 referre
1409 1755 1625 1894 oportet.

758 1897 874 2015 Sed
885 1924 953 2014 ut
978 1899 1157 2016 dicam
1172 1893 1342 2060 plane
1369 1894 1734 2060 quodseutio:
1760 1891 2015 2049 juniores
2030 1923 2193 2048 certe,

666 2067 757 2182 ad
771 2059 1072 2222 hujusmodi
1082 2063 1272 2230 studia
1290 2062 1680 2228 persequenda,
1706 2065 1938 2226 aptiores
1976 2059 2072 2226 ff
2083 2065 2193 2222 fa·

666 2235 890 2352 tendum
927 2231 1034 2394 est:
1098 2273 1257 2394 eoque
1298 2259 1488 2350 memet
1527 2227 1777 2350 libentius
1811 2231 1898 2350 ad
1932 2227 2026 2350 hoc
2069 2260 2197 2398 opas

664 2397 1044 2555 abstolvendum
1069 2398 1295 2524 accinxi,
1359 2427 1423 2517 ut
1457 2441 1514 2518 eo
1548 2401 1760 2518 demum
1801 2395 2051 2556 abstoluto,
2109 2396 2196 2518 his

670 2567 961 2732 aliquando
1002 2564 1203 2686 litteris
1231 2561 1600 2716 valedicerem,
1654 2595 1818 2730 atque
1855 2563 1965 2688 hac
2005 2607 2197 2688 carum

654 2735 931 2898 fomenta,
964 2737 1039 2855 eoc'
1055 2737 1237 2856 animo
1250 2737 1475 2902 pariter
1500 2779 1567 2854 ac
1605 2735 1853 2854 manibus
1883 2737 2196 2855 emitterem.

669 2905 900 3026 Etenim
924 2931 1056 3024 atas
1097 2942 1218 3020 mea
1252 2901 1384 3057 jam
1426 2901 1795 3068 ingravescens
1835 2907 1924 3023 ad
1931 2905 2199 3072 graviora

663 3074 916 3238 quadam
957 3098 1013 3188 et
1049 3071 1288 3234 persona
1312 3071 1785 3189 accommodatiora
1826 3113 1912 3190 me
1934 3069 2201 3236 progredi

664 3267 868 3382 ¹monct3
908 3265 962 3355 et
1006 3265 1208 3402 quanto
1247 3237 1429 3356 minus
1463 3239 1589 3355 vita
1629 3231 1771 3355 mihi
1801 3231 2071 3399 reliquum
2093 3235 2196 3400 fit,

671 3433 824 3527 tanto
846 3407 1020 3570 magis
1056 3447 1122 3522 ea
1167 3405 1442 3553 meditari,
1503 3433 1667 3570 atque
1702 3447 1768 3522 ea
1777 3405 2037 3558 scribere,
2078 3447 2199 3570 qnae

665 3577 796 3694 vita
807 3573 1033 3730 futura
1042 3568 1199 3736 spem
1226 3571 1561 3726 confirmare,
1596 3569 2032 3738 poffitffionemque
2049 3572 2198 3692 nobis

660 3739 922 3912 prestare
947 3768 1163 3905 queant.
1249 3743 1350 3860 Ea
1375 3742 1652 3888 nimirum,
1677 3780 1795 3902 qua
1813 3740 2048 3860 moribus
2055 3741 2199 3908 pnl-

669 3910 789 4032 licis
808 3909 1171 4056 emendandis,
1216 3934 1271 4026 et
1298 3910 1498 4028 virtuti
1518 3909 1818 4075 pietatique
1834 3909 2199 4074 propaganda

600 4211 603 4218 ,
664 4079 1005 4225 conducant3
1058 4116 1276 4238 quaque
1302 4075 1607 4240 religionem
1621 4073 1938 4241 potiffimum
1975 4069 2201 4236 Christi·

602 4319 614 4344 ι
660 4287 822 4395 amm,
863 4239 1248 4391 benevolentia,
1278 4245 1449 4410 pacis,
1468 4284 1537 4361 ac
1549 4243 1750 4407 gaudii
1773 4238 2198 4392 conciliatricem,

664 4415 746 4536 ‚ab
776 4415 927 4532 omui
959 4438 1144 4578 prava
1172 4415 1430 4560 mixtura,
1476 4408 1744 4578 papistica
1774 4409 2014 4566 fraude,
2055 4413 2204 4529 ancili
2313 4403 2315 4409 ’

658 4579 1046 4746 strperstitiouo
1088 4578 1348 4737 fanatico
1366 4581 1592 4738 furore,
1649 4577 1826 4742 qualis
1850 4573 2030 4698 olima
2066 4577 2202 4701 calis

657 4745 1021 4908 descenderet,
1033 4773 1249 4922 puram
1269 4746 1644 4918 stnceramqne
1670 4746 1986 4908 conservent.
