5008 6720
959 1033 1657 1228 'Tauusa
1732 1069 2034 1318 iuui.¹
2117 995 2253 1106 ⁸

915 1403 1072 1522 Astae
1099 1398 1346 1565 antiquae
1367 1397 1636 1563 spiculum
1654 1398 1763 1520 five
1790 1401 2071 1566 cuspidem
2098 1417 2249 1524 aene·

884 1590 914 1688 '.
934 1571 1116 1700 amin
1156 1573 1265 1690 hac
1302 1569 1533 1688 Tabula
1573 1569 1898 1734 descriptam
1947 1572 2248 1724 cemimus,
2350 1633 2352 1642 ·

721 1786 996 1904 unacum
1024 1737 1397 1860 instrumentis
1425 1737 1648 1858 duobus
1677 1739 1987 1891 fabrilibus,
2033 1785 2107 1860 ex
2134 1767 2247 1860 πετο
2418 1855 2423 1862 .

721 1912 925 2080 pariter
950 1905 1233 2030 conflatis:
1277 1950 1406 2071 quae
1428 1903 1608 2095 primo
1634 1907 1858 2072 quidem
1888 1905 2118 2072 aspesiu
2145 1955 2248 2028 an-

722 2079 1018 2246 tiquiss'uua
1043 2105 1210 2226 certe,
1253 2119 1356 2194 nec
1385 2072 1481 2194 nisi
1510 2117 1706 2196 eorum
1743 2107 2060 2244 temporum
2088 2077 2244 2198 fuisse

704 2249 1042 2396 diceremus,
1086 2243 1288 2408 quibus
1315 2241 1525 2362 ferrum
1545 2245 1638 2364 uel
1659 2244 1911 2364 nondum
1928 2245 2244 2410 cognitum,

722 2417 831 2569 vel,
874 2414 1029 2581 quod
1077 2411 1251 2580 magis
1293 2409 1498 2544 mirum
1540 2411 1635 2540 est,
1667 2413 1898 2534 uonuifi
1926 2457 2052 2532 raro
2085 2415 2251 2534 usur-

720 2616 957 2754 patum,
1022 2579 1329 2748 quibusque
1380 2583 1770 2704 Romanorum
1825 2579 1995 2704 etiam
2050 2583 2245 2750 gladii,

719 2755 911 2920 quales
939 2750 1019 2872 illi
1054 2748 1279 2914 quidem
1308 2791 1384 2868 ex
1404 2747 1557 2869 urbis
1578 2749 1775 2872 veteris
1807 2747 1981 2870 ruinis
1998 2751 2118 2906 jam
2144 2753 2245 2920 sas·

720 2965 792 3090 pe
820 2917 994 3043 effoffi
1021 2921 1306 3072 dicuntur,
1343 2959 1416 3038 ex
1439 2961 1549 3040 aere
1568 2963 1795 3087 quoque
1821 2917 2045 3040 conflati
2065 2953 2243 3042 erant.

508 3215 517 3222 ·
559 3274 564 3284 ,
719 3179 804 3300 N
793 3219 887 3294 am
923 3177 1083 3344 prior
1114 3175 1237 3294 aeris
1264 3203 1387 3292 erat
1423 3215 1588 3338 quam
1608 3217 1612 3226 ·
1616 3175 1786 3334 ferri
1808 3177 2047 3342 cognitus
2071 3177 2192 3336 ustis
2203 3182 2238 3296 ’ζ

719 3391 1232 3577 AsuccuEnuius,
1275 3430 1366 3548 vel
1413 3425 1594 3594 priscis
1631 3427 1742 3548 istis
1784 3427 2137 3596 Reipublicae
2165 3426 2243 3548 se·

720 3595 878 3747 culis,
922 3595 1097 3750 enses,
1130 3594 1333 3747 hastaS,
1375 3627 1547 3762 atque
1571 3641 1726 3718 asma
1752 3597 1869 3718 sete
1896 3596 2106 3749 omnia,
2133 3595 2248 3716 fer·

720 3807 812 3886 tea
838 3763 997 3885 fuiss'e
1039 3763 1287 3886 testatur.

807 4019 1046 4184 Hastati
1073 4023 1345 4186 spargunt
1393 4017 1590 4183 hastas,
1625 4021 1697 4174 fit
1727 4021 1956 4180 fimus
1981 3933 2198 4142 imbir²i

805 4181 946 4308 Tum
969 4187 1153 4356 Cupei
1175 4189 1418 4347 tasonant
1446 4220 1498 4310 et
1507 4192 1674 4350 ferri
1690 4191 1890 4358 stridet
1915 4209 2183 4311 acumen&

718 4439 1016 4562 Lucretius
1037 4485 1264 4607 quoque
1306 4485 1430 4562 eam
1459 4442 1629 4609 ipsam
1667 4441 1794 4564 ferri
1834 4443 2128 4565 indurandi
2157 4488 2241 4565 ar-

720 4641 854 4760 tem,
900 4653 1012 4774 qua
1047 4615 1138 4732 vel
1178 4610 1346 4729 hodie
1388 4611 1623 4764 utimut,
1657 4645 1941 4778 'tanquam
1990 4657 2245 4734 commu-

720 4823 855 4900 nem·
877 4809 1044 4944 atque
1061 4777 1324 4901 omnibus
1366 4779 1667 4946 cognitam,
1699 4785 2136 4903 'commemorat

777 5049 796 5085 ¹
812 5037 965 5120 Laeter.
984 5039 1173 5150 5.1286.
1236 5047 1260 5084 ²'
1269 5037 1357 5122 vid.
1369 5039 1469 5122 Enu.
1484 5043 1684 5150 Fragmen.
1693 5038 2099 5154 p.81.Edit.Amstel.
2114 5067 2240 5154 1707.

782 5158 947 5268 Uituli·
976 5161 1138 5275 95·.vid.
1159 5163 1261 5272 it..p.
1289 5163 1369 5266 80,
1390 5191 1472 5288 50..
1485 5166 1658 5278 5,6‚&c.

1233 5323 1265 5404 1
2020 5287 2245 5408 Humor

2465 4135 2467 4268 i

2465 4881 2467 4952 i
