5212 6732
627 687 1506 898 ΙΙΤΑΒυῑΑΙΙῙζ
1851 724 1930 876 39

411 961 497 1052 ret
526 919 865 1048 mentionem
894 909 1282 1073 animadverti,
1329 963 1444 1044 non
1466 937 1632 1080 anteo
1670 917 1783 1068 lieri
1810 917 1934 1040 solia

306 1147 310 1156 ·
410 1122 547 1244 tam,
591 1132 764 1258 quam
793 1132 933 1260 puer
975 1119 1110 1256 toga
1128 1091 1246 1246 jam
1270 1087 1414 1240 virili
1459 1091 1933 1256 sumpta'Bullam
1975 1135 1990 1156 ·“

413 1261 763 1432 deposuisset,
830 1259 1177 1425 Laribusque
1231 1258 1498 1412 dicasset,
1580 1259 1968 1421 nostramque

411 1461 702 1600 propterea
746 1430 971 1551 nomine
1014 1469 1219 1580 carcre,
1269 1428 1422 1592 quod
1472 1469 1623 1592 puer,
1668 1427 1764 1592 qui
1807 1445 1934 1546 eam'

411 1600 680 1770 gestasset,
725 1630 1024 1766 antequam
1044 1641 1170 1718 eam
1198 1628 1419 1718 aetatem
1435 1597 1712 1764 attigisset,
1755 1615 1936 1716 morte

413 1800 720 1937 praereptus
748 1765 894 1892 esset.
1562 1901 1566 1912 Ι
1923 1861 1934 1922 :

498 1941 667 2059 Bulla
696 1937 884 2058 nostra
912 1978 986 2054 ex
1022 1935 1243 2055 duabus
1270 1931 1389 2053 auri
1435 1935 1696 2098 purissimi
1725 1935 1936 2061 laminis

413 2107 667 2229 rotundis
694 2102 953 2226 confecia
981 2105 1073 2230 est,
1116 2149 1243 2268 quae
1283 2147 1316 2223 a
1362 2104 1525 2224 tertia
1569 2108 1701 2224 item
1733 2106 1938 2225 lamina

414 2275 700 2442 sublonga,
766 2303 827 2394 at
869 2275 925 2393 in
975 2273 1081 2393 sese
1131 2270 1337 2392 reflexa
1377 2270 1473 2393 seu
1524 2273 1819 2439 duplicata,
1882 2287 1940 2394 ct'
2107 2269 2109 2277 ’

411 2444 652 2612 sculptili
682 2485 850 2610 opere
865 2471 1086 2597 ornata,
1128 2442 1530 2564 claviculorum
1550 2445 1722 2563 trium
1743 2485 1942 2564 aureo·

219 2697 222 2704 ,
415 2648 541 2736 rum
568 2657 696 2780 ope,
738 2611 971 2778 superne
1012 2607 1445 2733 connesluntur.
1533 2617 1646 2732 Hae
1671 2649 1827 2733 vcro·
1858 2616 1942 2736 la-

416 2785 582 2904 minae
609 2784 868 2904 rotundae
896 2779 1152 2901 exomni
1200 2780 1311 2900 alia
1354 2809 1511 2946 parte
1560 2825 1595 2900 a
1623 2780 1675 2899 se
1703 2780 1942 2902 invicem

404 2955 524 3110 jam
568 2951 751 3072 divisae
800 2953 948 3100 sunt,
991 2993 1130 3115 quas
1174 2982 1364 3070 tamen
1409 2949 1657 3114 margine
1696 2953 1942 3112 quodam

416 3118 746 3276 conjunslas
774 3121 910 3241 olim
937 3119 1091 3239 fuisse
1122 3121 1357 3269 constat,
1404 3143 1471 3238 ut
1517 3118 1776 3269 remedia,
1821 3117 1943 3284 opi-
2084 3228 2089 3250 ,

417 3324 543 3442 nor,
597 3290 781 3454 aliqua
809 3289 958 3410 intus
984 3320 1262 3452 caperent,
1307 3301 1435 3452 quae
1463 3287 1536 3405 ad
1564 3286 1945 3408 valetudinem

417 3459 575 3626 pueri
604 3459 871 3579 tuendam
902 3457 1129 3578 valuisse
1165 3457 1573 3602 credebantur,
1636 3457 1946 3622 quibusque

418 3627 657 3779 incluso,
702 3628 909 3746 lamina
931 3628 1193 3791 superior,
1237 3627 1450 3792 globuli
1481 3628 1553 3745 ad
1580 3626 1767 3776 instar,
1812 3653 1946 3744 cont

417 3837 563 3915 vexa
590 3797 868 3959 apparuit,
913 3792 1147 3960 qualem·
1179 3793 1330 3915 illam
1369 3794 1623 3914 videlicet
1667 3794 1724 3915 in
1754 3795 1947 3915 statuis
1984 3937 1990 3947 ,

345 4109 349 4118 Ι
419 3965 782 4128 antiquorum
812 3964 1069 4116 BullatiS,
1094 3969 1319 4084 Romae
1355 3966 1555 4084 adhuc
1603 3964 1944 4111 extantibus',
2046 3973 2053 3988 ’

419 4134 713 4254 videmus¹.
1033 4167 1041 4188 ·

504 4301 688 4464 Bullae
714 4304 929 4430 nostrae,
973 4330 1039 4424 ut
1068 4301 1307 4467 primum
1336 4317 1556 4465 reperta
1576 4301 1704 4452 fuit,
1733 4301 1948 4422 histori-

418 4474 592 4618 olam,
646 4472 831 4591 italica
883 4467 1075 4637 lingua
1122 4470 1499 4633 conscriptam,
1543 4471 1614 4587 ad
1664 4469 1948 4592 eruditum

409 4641 832 4790 Baudelotium,
872 4639 1196 4758 Academiae
1216 4637 1761 4791 Parifiensrssocium,
1792 4641 1949 4759 mise·
2064 4709 2069 4718 ·

420 4836 507 4928 rat
523 4813 569 4924 F
570 4807 909 4958 iccoronius;
941 4809 1099 4963 cujus
1120 4807 1346 4971 quidem
1360 4807 1660 4972 epistolam,
1686 4851 1801 4928 una
1819 4855 1950 4930 cum

485 5029 498 5066 ¹
531 5003 752 5090 Plutarchus
772 5009 866 5090 item
884 5011 1051 5110 Bullam,
1085 5009 1183 5094 lunae
1200 5005 1394 5094 dimidiato
1411 5007 1493 5095 orbe
1515 5007 1692 5122 fulgenti
1710 5001 1873 5095 similem
1889 5011 1948 5091 di-

412 5127 484 5216 cit.
545 5128 669 5245 Qest.
711 5129 815 5217 Rom.
830 5147 872 5242 p.
900 5135 1002 5250 388.
1030 5135 1085 5219 B.
1100 5131 1209 5219 Edit.
1231 5135 1328 5218 Par.

1704 5245 1719 5274 ⁶
1824 5251 1952 5382 Dis,-
