5008 6720
692 672 1214 802 TABUL'A
1299 677 1478 799 XIII.
1715 717 1831 841 153
2025 692 2028 702 '

308 837 349 948 'a
392 874 672 1027 convenit,
718 875 901 1043 inquit
950 877 1169 1030 Cicero,
1226 919 1408 1044 aegros
1450 919 1484 996 a
1520 868 1836 1031 conje&ore

305 1055 346 1114 ‘⁴
388 1044 731 1167 somniorum
761 1048 948 1214 potius
978 1090 1197 1212 quama
1226 1045 1460 1166 Medico
1488 1075 1674 1211 petere
1700 1043 1835 1167 Me-

306 1222 345 1282 “
389 1215 661 1336 dicinam?
722 1221 822 1336 An
851 1215 1232 1404 AEsculapiuS,
1276 1259 1352 1335 an
1401 1217 1617 1380 Serapis
1656 1215 1835 1379 potest

140 1525 143 1534 ,
304 1391 345 1462 ‘·‘
389 1384 731 1575 praescribere
757 1429 857 1552 per
879 1381 1156 1508 somnium
1183 1383 1529 1505 curationem
1557 1382 2087 1503 valetudi-*ff

306 1560 350 1626 “
394 1552 496 1704 nis,
542 1556 855 1744 Neptunus
897 1552 1339 1745 gubernantibus
1381 1595 1497 1672 non
1535 1551 1780 1743 ροῑςίὶῆ
1770 1551 1833 1640 >”

303 1721 488 1841 Varro
516 1721 705 1871 etiam,
752 1721 1035 1842 Ciceronis
1058 1721 1305 1888 aqualis,
1353 1729 1616 1886 (quorum
1642 1733 1828 1870 aetate,

302 1889 550 2076 Serapim
578 1891 869 2012 nondum
854 1936 911 2010 rn
955 1889 1167 2012 honore
1213 1895 1418 2010 Romae
1462 1889 1830 2010 constitutum

280 2055 614 2214 diximus)
599 2103 656 2178 rn
697 2059 990 2181 cultum
944 2101 1061 2214 ejus
1109 2058 1368 2208 illudent,
1413 2059 1523 2179 hoc
1555 2057 1829 2280 distichon

300 2225 625 2391 composuit.

302 2479 514 2648 Hospes
545 2485 687 2646 quid
702 2488 871 2606 miras
898 2527 1108 2606 nummo
1135 2527 1330 2604 curare
1350 2485 1642 2650 Serapim?

384 2654 566 2820 Qid
561 2659 593 2742 τ’
632 2655 786 2818 quast
760 2696 903 2774 anon
930 2683 1082 2776 curet
1109 2654 1371 2774 tantidem
1398 2650 1754 2813 Art'floteles'.

386 2905 519 3064 Jam
540 2949 696 3057 vero,
726 2952 901 3074 quum
923 2911 1014 3029 hae
1037 2911 1294 3028 Deorum
1318 2907 1725 3072 lmagunculae,
1751 2947 1826 3026 ex

297 3116 409 3194 aere
438 3107 538 3194 aut
564 3118 840 3200 marmore
867 3065 1037 3229 fiola,
1081 3107 1139 3198 et
1165 3117 1400 3196 numero
1428 3062 1543 3193 sere
1572 3071 1823 3226 infinitae,

298 3287 332 3362 e
359 3246 751 3366 Romanorum
775 3278 1028 3369 veterum
1047 3238 1389 3412 supelleetile
1404 3246 1476 3364 ad
1501 3246 1622 3362 haec
1648 3242 1870 3408 usque
1879 3283 2048 3332 w⁰

296 3441 594 3604 tempora
579 3415 914 3536 conservatae
953 3415 1094 3566 srnt3
1142 3412 1179 3533 sr
1207 3444 1425 3579 quaerat
1471 3412 1697 3534 tandem
1724 3411 1823 3533 ali·

297 3624 442 3745 qum,
503 3581 728 3704 cuinam
770 3584 893 3704 usui
932 3581 1309 3734 inservierint3
1371 3612 1428 3703 et
1456 3623 1557 3701 cur
1603 3578 1822 3702 srmula-

296 3752 428 3866 cbra
458 3783 575 3871 tam
604 3751 772 3871 exilia
814 3783 975 3874 tanto
1016 3751 1197 3872 olim
1183 3796 1241 3870 rn
1286 3755 1523 3871 numero
1550 3793 1615 3870 ac
1642 3751 1823 3914 pretio

250 3915 567 4038 suerint?
594 3919 769 4038 Ratio
817 3918 942 4038 sane
981 3919 1154 4041 facilis
1202 3950 1373 4084 atque
1427 3918 1687 4083 expedita
1722 3922 1818 4039 est.

297 4087 365 4206 ln
395 4084 622 4254 fingulis
644 4132 842 4252 nempe
862 4089 1094 4240 adbuc,
1139 4089 1412 4209 nobilium
1433 4085 1731 4253 praesertim
1753 4130 1819 4206 ac

295 4254 551 4406 divitum,
596 4258 888 4377 Lararium
909 4255 1039 4410 suit,
1083 4259 1178 4376 scu
1195 4257 1504 4378 Sacrarium
1533 4253 1987 4420 quoddam...

296 4422 680 4576 domesticum,
730 4352 1039 4547 minutulis
1072 4425 1213 4546 hisce
1268 4424 1458 4580 statuis
1507 4421 1813 4572 refertum3

294 4591 495 4758 quibus
509 4593 658 4714 sacra
684 4597 942 4762 quaedam
961 4594 1177 4762 priuata
1200 4624 1301 4713 aut
1316 4565 1587 4760 gentilitia
1615 4589 1815 4750 lacere,

359 4909 373 4952 ⁸
404 4906 465 4986 De
486 4905 654 4988 Divinat.
669 4905 696 4987 l.
715 4931 754 4989 2.
781 4935 851 5016 59.

355 5021 371 5056 ²
401 5029 446 5110 In
468 5026 789 5136 Eumeniaapud
811 5029 917 5112 Non.
939 5029 1113 5112 Marcell.
1130 5027 1177 5110 de
1192 5024 1371 5138 Propriet.
1393 5025 1512 5110 Serm.
1527 5049 1560 5110 c.
1584 5053 1625 5140 7.
1654 5051 1705 5108 10
1711 5050 1750 5136 5.
1773 5022 1822 5113 ln.

294 5176 385 5240 roce
406 5149 532 5252 miras,
564 5175 634 5261 pro
653 5151 934 5234 miraris.-·--
1086 5217 1092 5228 .

805 5307 810 5316 ·
1139 5273 1197 5388 U
1418 5285 1420 5289 ’
1682 5265 1814 5382 thus
