5008 6720
665 577 784 696 128
1058 563 1549 694 TABULA
1634 558 1747 691 IX.

658 807 797 908 tant,
841 770 1192 968 perspicuum
1224 777 1333 901 ert
1420 771 1665 898 Sansbts
1712 775 2188 932 Ambrosius,de
2187 868 2195 876 -

659 946 827 1070 seculi
856 945 938 1068 sui
975 943 1285 1068 ebriositate
1310 989 1568 1114 querenS,
1612 944 1965 1114 militumque
1992 947 2187 1115 praeci-

659 1161 784 1286 pue
794 1115 1234 1307 compotationes
1253 1117 1586 1238 temulentas
1608 1115 1932 1244 describens
1972 1127 2012 1188 ‘⁴
2044 1121 2185 1238 Cor·

660 1297 704 1358 “
745 1330 844 1478 nu,
886 1283 1083 1450 inquit,
1112 1284 1171 1406 in
1191 1282 1473 1436 medio,
1419 1326 1535 1405 vrnr
1520 1283 1813 1450 'xplenum
1858 1329 1975 1406 non
2006 1287 2188 1454 praeli·
2206 1393 2208 1396 ,

661 1465 705 1530 “
746 1455 853 1576 aris
881 1453 972 1572 sed
993 1452 1235 1620 epularis
1264 1451 1691 1575 instrumentum
1713 1455 1986 1606 buccinae,
2030 1455 2184 1620 quod

661 1633 704 1722 ‘·‘
746 1621 1189 1744 discumbentes
1174 1667 1234 1744 rn
1261 1653 1539 1744 certamen
1576 1623 2182 1813 accendat-··-primum

661 1801 705 1919 ‘.‘
746 1790 1052 1913 minoribus
1081 1789 1295 1956 poculis
1338 1790 1761 1980 praeluditur-·-
1745 1790 1867 1914 -ubi
1904 1835 1990 1912 res
2010 1795 2184 1912 calere

660 1969 704 2056 ‘·‘
747 1958 941 2124 coepit,
965 1959 1218 2146 poscunt
1267 1959 1567 2116 majoribus
1616 1960 1936 2128 poculis-···
1910 1959 2188 2082 -mensura

662 2137 706 2200 ‘⁶
742 2125 1092 2316 proponitur,
1136 2159 1380 2250 certatur
1427 2128 1528 2250 sub
1562 2129 1768 2284 judice,
1811 2129 1910 2252 sub
1937 2131 2063 2296 lege
2090 2130 2186 2248 de-

663 2307 704 2370 “
748 2295 1065 2419 cernitur.'.
1031 2296 1107 2364 ¹’'
1192 2303 1389 2465 Atque
1409 2296 1522 2418 alio
1548 2173 1748 2418 cicinde
1780 2300 1923 2448 loco,
1967 2309 2008 2368 ‘⁶
2037 2301 2183 2448 Hos,

663 2475 705 2536 “
747 2465 1018 2615 homines,
1061 2511 1136 2588 an
1163 2497 1316 2586 utres
1341 2465 1525 2586 verius
1545 2465 2002 2588 aestimaverim·
2003 2531 2074 2560 ···
2089 2509 2187 2655 per

601 2689 602 2695 ε
666 2645 708 2709 “
750 2677 959 2756 cornua
979 2635 1148 2756 etiarn
1188 2634 1460 2758 fluentia
1445 2679 1504 2756 m
1508 2632 1713 2757 fauces
1733 2633 2109 2758 hominum
2057 2677 2191 2753 vina

475 2906 478 2917 .
662 2813 705 2876 “
747 2803 1071 2955 decurrunt,
1113 2803 1237 2926 etsr
1279 2803 1401 2996 quis
1440 2803 1798 2971 respiraverit,
1839 2797 2194 2950 commissum

663 2980 700 3058 “
741 2970 1036 3140 flagitium,
1059 2975 1240 3096 soluta
1266 2973 1429 3126 acies,
1448 2978 1576 3094 loco
1598 3006 1787 3095 motus
1809 2975 2105 3096 habetur².
2109 2971 2145 3024 ’⁹

519 3285 522 3295 ,
749 3141 1069 3263 Poculum
1043 3141 1224 3332 igitur
1244 3141 1526 3299 ejusmodi,
1569 3145 1724 3310 quod
1748 3143 2045 3264 Pocillator
2065 3139 2186 3263 nos·

662 3341 749 3432 ter
787 3309 1056 3430 dextra
1043 3355 1100 3430 rn
1145 3313 1327 3432 altum
1372 3313 1583 3435 sublata
1618 3344 1790 3465 tenet,
1836 3311 1908 3434 ad
1944 3340 2185 3431 veterem

663 3479 831 3601 istum
874 3477 1093 3600 bibendi
1141 3523 1354 3601 morem
1403 3483 1686 3636 alludere,
1746 3407 2187 3648 p'oculorumque

663 3689 859 3768 eorum
886 3693 1063 3814 genus
1064 3647 1352 3799 indicare,
1398 3653 1552 3815 quod
1572 3654 1644 3772 ad
1671 3649 1960 3836 Symposra
1983 3647 2185 3815 potilsr·

664 3861 823 3938 mum
850 3818 1230 3970 exhilaranda
1269 3819 1637 3986 convivasque
1667 3817 2188 3970 inebriandoatan-

664 4031 836 4150 quam
895 3986 1105 4108 cumuli
1128 3931 1254 4108 locb
1289 3987 1537 4109 adhiberi
1592 3991 1838 4111 solebat:
1900 4029 2189 4154 quumque

664 4161 759 4278 lex
788 4157 1008 4277 cadara
1047 4187 1185 4305 erat,
1229 4201 1397 4320 quarn
1438 4157 1638 4278 Cicero
1671 4187 2094 4306 commemorat,
2122 4187 2191 4276 ut

664 4357 766 4444 aut
792 4324 1042 4444 biberent
1069 4357 1168 4444 aut
1196 4325 1577 4448 discederent³.

729 4523 743 4560 ¹
777 4497 952 4582 Ambros.
968 4498 1014 4577 cle
1030 4497 1112 4580 Elia
1135 4517 1173 4578 et
1193 4499 1318 4608 Jejun.
1347 4527 1380 4580 c.
1413 4529 1478 4610 ¹3·
1831 4527 1848 4563 ²
1882 4499 1978 4582 Ibid.
1996 4525 2030 4583 c.
2061 4529 2127 4614 ¹7·

727 4643 742 4697 ³
776 4619 820 4702 In
845 4621 951 4704 Verr.
974 4619 998 4703 l.
1030 4649 1064 4705 1.
1128 4623 1274 4725 Verres,
1291 4639 1335 4702 ut
1368 4623 1503 4734 Cicero
1520 4623 1586 4726 air,
1618 4623 1686 4736 qui
1706 4623 1836 4738 populi
1857 4625 2024 4705 Romani
2044 4623 2189 4732 legibus

663 4763 859 4848 nunquam
881 4741 1066 4850 paruisset,
1098 4765 1223 4826 tamen
1245 4743 1389 4854 legibus
1403 4745 1468 4848 eir,
1501 4775 1586 4856 quae
1606 4749 1645 4828 in
1665 4748 1806 4858 poculis
1822 4747 2068 4856 ponebantur,
2102 4746 2187 4828 dili·

664 4884 795 4974 genter
816 4865 980 4971 parebat.
1042 4865 1122 4946 Has
1143 4867 1294 4946 bibendi
1314 4867 1413 4974 leges
1442 4867 1581 4949 Plinius
1602 4891 1812 4970 enumerat,
1844 4889 1957 4976 atque
1972 4866 2068 4949 inter
2083 4867 2184 4964 alias,

663 5003 799 5096 optma
804 4983 887 5090 fide
904 5012 973 5070 non
989 4983 1110 5094 respir
1071 4985 1230 5096 ιναβε
1212 5015 1253 5068 m
1272 4985 1489 5090 hauriendo;
1522 5019 1633 5100 neque
1653 4937 1825 5104 expurfflb
1858 4989 2023 5098 nihilque
2049 4987 2102 5070 ad
2118 4989 2186 5070 eli-

661 5105 851 5198 sendum
833 5123 874 5188 r'n
888 5105 1141 5218 pavimentum
1160 5109 1278 5205 firman
1299 5137 1344 5192 ex
1364 5109 1452 5194 vino
1471 5141 1513 5193 re
1512 5111 1602 5224 rqu
1592 5111 1660 5226 βε
1726 5115 1828 5200 Hist.
1850 5113 1905 5198 N.
1928 5113 1954 5198 l.
1981 5143 2045 5219 ¹4·
2062 5140 2098 5197 c.
2117 5139 2185 5193 22.

2001 5233 2191 5350 ΤΑ-
