5212 6732
649 739 698 876 4
1121 707 1712 832 TAssuLAi,

657 927 820 1045 stram
843 963 981 1090 puer
1004 919 1306 1071 tunicatus,
1348 950 1406 1041 et
1454 921 1528 1041 ad
1549 961 1736 1086 genua
1784 914 2114 1072 succimstm,
2154 963 2187 1042 e

656 1097 866 1259 poculo
894 1092 1099 1242 bibere,
1144 1122 1201 1209 et
1227 1089 1476 1210 virorum
1520 1087 1678 1209 alteri
1708 1087 2003 1255 propinare
2031 1091 2185 1208 vide-

657 1297 780 1414 tur3
827 1261 924 1426 qui
942 1245 1211 1427 peculum
1231 1259 1361 1382 item
1379 1285 1744 1408 manutenet,
1763 1255 1913 1421 quasi
1938 1299 2074 1378 mox
2102 1257 2187 1378 bi·

658 1430 893 1551 biturus.
940 1435 1053 1548 Hae
1074 1459 1316 1593 quatuor
1333 1425 1527 1592 figurae
1550 1421 1767 1546 seorfim
1795 1427 2113 1590 paullulum
2148 1471 2188 1582 a

657 1597 850 1718 ceteris
879 1594 1088 1760 postue,
1133 1595 1278 1715 inter
1303 1595 1411 1714 sese
1459 1595 1837 1760 colloquentes
1862 1624 1919 1714 et
1954 1637 2185 1761 compo·

468 1849 472 1856 -
658 1797 839 1886 tantes
855 1765 1272 1913 describuntur3
1304 1807 1442 1928 quas
1462 1767 1661 1891 versus,
1684 1763 1793 1884 alia
1814 1805 2036 1928 quoque
2057 1807 2188 1884 mu-

486 1951 493 1967 ‘
656 1933 755 2054 lier
775 1933 1007 2081 accedit,
1050 1931 1278 2051 floribus
1299 1960 1578 2057 coronata,
1621 1962 1679 2051 et
1698 1930 1997 2052 canistrum
2021 1929 2182 2056 simul

656 2101 885 2221 floribus
935 2102 1165 2264 plenum
1214 2097 1272 2216 in
1327 2097 1507 2262 capite
1559 2100 1797 2265 gestam,
1869 2097 2182 2266 grellusque

655 2274 861 2391 baculo
888 2269 1135 2433 quodam
1177 2265 1375 2434 agresti
1402 2265 1552 2432 quasi
1599 2265 1701 2388 sub
1717 2263 2182 2392 onerefirmanu.

656 2444 891 2558 Summa
935 2435 1173 2600 denique
1222 2437 1441 2556 tabellae
1488 2479 1620 2601 pars
1657 2431 1869 2554 fruticis
1896 2433 2183 2590 cujusdam

656 2604 881 2726 floriferi
908 2605 1135 2725 ramulis
1151 2607 1465 2750 decoratur,
1493 2644 1733 2768 quoium
1753 2645 1785 2720 e
1806 2601 1991 2724 medio
2012 2639 2185 2771 caput

646 2775 916 2931 juvenile,
937 2815 1011 2891 ex
1039 2812 1210 2937 opere
1234 2771 1349 2937 ipso
1364 2768 1603 2892 tellurio
1630 2767 1903 2921 effluun,
1931 2803 2098 2938 atque
2117 2818 2184 2895 a·

656 2947 840 3064 larum
868 2939 1043 3106 specie
1071 2940 1316 3105 quadam
1335 2935 1690 3091 instruuum,
1718 2970 1878 3059 extra
1904 2941 2181 3111 reliquam

656 3107 896 3280 pileurae
924 3106 1263 3272 superficiem
1290 3107 1581 3273 prominet.

745 3275 1072 3444 Qinetiam
1103 3273 1411 3442 figurarum
1431 3279 1633 3396 harum
1657 3275 1886 3399 vestitus
1913 3278 2183 3444 quiddam

657 3475 858 3568 notatu
887 3443 1123 3610 dignum
1149 3445 1394 3610 praebere
1421 3441 1659 3572 videtur,
1698 3445 1920 3612 ejusque
1947 3449 2179 3572 omnino

522 3721 528 3727 .
657 3615 873 3782 generis
901 3611 1030 3762 effe,
1065 3659 1180 3778 quo
1228 3614 1531 3734 Matronae
1548 3612 1684 3737 olim
1698 3616 1989 3740 Romanas
2010 3662 2179 3742 orna.

659 3818 742 3902 tas
764 3781 1017 3948 legimus,
1060 3781 1262 3946 quibus

717 4041 850 4158 ‘Ad
865 4037 1000 4156 talos
1024 4033 1170 4196 stola
1214 4033 1450 4199 demtffi,
1493 4079 1561 4158 ac
1603 4041 1939 4164 circumdata
1964 4040 2173 4168 Pallae

657 4300 864 4465 quippe
887 4297 1024 4417 stola
1041 4295 1177 4416 nihil
1200 4295 1353 4448 aliud
1370 4311 1504 4423 erat,
1522 4339 1587 4417 ac
1608 4295 1798 4417 tunica
1815 4300 1997 4438 clausa
2018 4331 2074 4427 et
2090 4274 2179 4423 tu-¹

659 4468 804 4618 latu,
828 4510 973 4586 zona
997 4467 1324 4631 plerumque
1337 4461 1543 4616 cinCl21,
1567 4497 1624 4584 et
1638 4465 1863 4588 manicis
1885 4466 2179 4622 instruua,

660 4680 786 4800 quae
804 4638 893 4753 vel
914 4635 985 4754 ad
1004 4633 1275 4782 cubitum,
1304 4636 1413 4783 vel,
1442 4635 1594 4797 quod
1623 4633 1680 4752 in
1726 4637 1830 4756 hac
1856 4633 2182 4801 pilluravi-

724 4851 742 4902 ε
771 4833 885 4912 Hanc
904 4829 1062 4910 eandem
1078 4831 1202 4914 baculi
1221 4828 1385 4911 formam
1408 4831 1446 4910 in
1463 4831 1540 4912 aliis
1547 4831 1788 4938 antiquorum
1803 4833 1967 4942 pisturis,
1980 4855 2020 4916 et
2033 4835 2181 4916 mulie·-

658 4955 707 5037 εἰς
721 4956 854 5064 pariter
868 4954 907 5032 in
927 4979 1041 5032 manu
1062 4955 1264 5035 canistrum
1276 4949 1414 5032 florum
1429 4951 1615 5059 gestantis,
1631 4952 1887 5041 animadverti
1932 4957 2009 5041 vid.
2042 4954 2181 5040 Piecee

506 5057 517 5078 ⁸
658 5079 708 5188 of
727 5073 892 5158 Ancient
914 5072 1119 5182 Painting,
1148 5076 1199 5183 by
1221 5077 1274 5156 G.
1295 5071 1506 5177 'I'urubull²
1537 5075 1603 5158 Να
1621 5077 1697 5185 36ι

716 5190 737 5296 „⁶
768 5201 870 5284 Hor.
902 5197 1020 5283 Saul.
1050 5227 1084 5282 1.
1111 5225 1151 5282 2.
1190 5227 1260 5308 99.

870 5363 900 5454 J
1957 5315 2176 5469 demus,
